4554 6396
753 373 958 432 DRACONTII
992 374 1040 431 DE
1058 373 1239 430 LAVDIBVS
1256 375 1318 430 DEI
1353 374 1394 430 Ill

661 551 720 618 sod
744 552 771 616 si
792 551 878 618 torte
900 551 990 637 legat
1012 551 1095 618 hoco
1119 550 1263 616 carmina
1284 555 1398 615 nostra
1421 548 1589 636 profanus,

661 675 757 741 quem
780 657 882 722 lateat
905 656 961 721 lex
984 660 1098 720 sancta
1120 654 1186 736 dei,
1208 675 1249 720 ne
1272 653 1458 720 incredulus
1481 660 1583 737 extet,

660 758 828 846 impendat
850 758 927 845 quid
949 779 1032 846 pura
1054 758 1147 839 fides,
1171 759 1396 846 praesumptio
1421 759 1571 844 simplex,

659 885 720 929 nec
742 869 851 928 tamen
874 868 1043 929 aeternum
1070 861 1198 928 modico
1221 883 1279 948 pro
1302 868 1449 949 temporo
1472 869 1608 948 quaerut

504 985 555 1042 255
582 985 642 1052 (nso)
661 974 694 1034 et
716 971 816 1052 neget
839 965 1005 1032 Abraham
1028 971 1155 1031 tantum
1178 965 1297 1031 iecisse
1320 965 1453 1032 boatum

643 1071 712 1136 .ch
735 1089 955 1156 quoscumque
978 1068 1073 1134 docet
1095 1074 1207 1133 sancto
1229 1069 1389 1154 scriptura
1410 1068 1541 1135 fideles:

657 1173 810 1238 historias
833 1192 962 1237 curram
984 1170 1137 1236 Danaum
1160 1173 1335 1257 gentisque
1358 1171 1497 1256 Quirini,

659 1277 714 1362 qui
735 1296 793 1362 pro
815 1275 913 1341 laude
937 1296 998 1340 sua
1020 1275 1074 1340 vel
1097 1275 1152 1360 qui
1175 1295 1233 1361 pro
1257 1295 1359 1360 regno
1383 1276 1491 1341 alieno

655 1379 821 1445 mentibus
845 1379 974 1444 iniectis
998 1379 1163 1444 animosae
1188 1377 1290 1444 cladis
1314 1399 1425 1444 amore

502 1499 553 1558 260
579 1498 639 1569 (uss)
657 1485 729 1550 ausi
752 1503 865 1549 omnes
889 1483 1053 1550 scelerare
1077 1503 1193 1548 munus
1216 1481 1257 1547 de
1280 1487 1385 1548 morte
1409 1503 1542 1548 auorum

657 1593 715 1652 666
737 1592 824 1652 66666
848 1584 888 1651 de
912 1593 1023 1671 strage
1047 1607 1115 1650 sua.
1159 1584 1343 1652 Menoecea
1366 1584 1516 1652 Creontis

657 1689 782 1756 Statius
806 1689 949 1755 ostendit
971 1689 1047 1775 quia
1069 1689 1141 1755 fuso
1166 1695 1282 1775 sponte
1305 1709 1429 1772 cruore,

656 1801 692 1859 ut
713 1800 807 1882 pater
828 1793 961 1860 orbatus
984 1793 1142 1858 furiarum
1166 1814 1268 1879 regna
1292 1800 1432 1876 teneret,

655 1898 831 1964 Thebanos
852 1898 984 1985 proprio
1007 1897 1150 1984 perfudit
1171 1899 1330 1983 sanguine
1353 1919 1474 1964 muros.

501 2019 552 2074 266
579 2003 686 2087 (66661
709 2002 968 2089 consanguineos
991 2003 1099 2067 scelus
1122 2007 1174 2068 est
1195 2002 1345 2088 iugulare
1367 2003 1566 2090 propinquos

657 2113 690 2172 et
712 2107 828 2173 furiale
852 2106 966 2174 nefas:
990 2107 1024 2171 in
1047 2125 1082 2172 sc
1106 2112 1298 2172 convertere
1322 2107 1455 2191 terrum,

654 2211 716 2277 hoc
738 2211 865 2277 lacinus
888 2233 949 2278 noo
972 2231 1090 2276 nomon
1112 2210 1222 2276 habet.
1269 2211 1327 2277 sed
1350 2233 1445 2277 nemo
1468 2210 1614 2298 prolecto

655 2317 790 2382 miretur
811 2317 976 2382 hominum
999 2322 1067 2382 tom
1089 2335 1189 2382 saeva
1210 2316 1341 2403 piaculo
1364 2316 1488 2402 gentis:

654 2442 720 2486 non
743 2421 839 2486 aliter
861 2422 966 2509 potnit
988 2426 1155 2507 sceptrum
1177 2421 1316 2486 transire
1338 2420 1510 2507 profanum

499 2543 551 2600 270
577 2541 637 2612 (nea)
657 2524 698 2591 ad
722 2545 928 2591 successores
951 2525 1038 2611 quod
1061 2532 1213 2610 gesserat
1236 2523 1383 2611 Oedipus
1406 2546 1563 2612 umquam

655 2628 744 2717 (nom
767 2629 857 2694 ierus
880 2629 951 2715 ipso
976 2628 1083 2695 Creon
1105 2630 1257 2696 locastae
1281 2629 1450 2717 proximus
1473 2630 1569 2696 heres

654 2739 688 2800 et
710 2754 883 2820 germanus
905 2732 1006 2819 erat);
1030 2734 1124 2819 quasi
1146 2734 1203 2799 lex
1226 2738 1277 2799 est
1298 2734 1401 2820 ipsius
1424 2734 1520 2799 aulae

564 2879 565 2882 =
654 2837 841 2903 criminibus
864 2837 1072 2924 lacrimisque
1096 2836 1214 2903 ducum
1238 2859 1297 2904 sua
1319 2859 1421 2923 regna
1443 2837 1564 2904 dicare.
1590 2874 1633 2886 -

655 2940 781 3008 Codrus
803 2942 970 3028 Apollinei
992 2941 1128 3028 tripodis
1150 2962 1311 3029 responsa
1332 2943 1466 3029 petivit:

499 3065 549 3120 275
577 3063 636 3131 (aro)
654 3046 773 3134 accipit
795 3046 920 3128 infelix,
943 3046 1043 3112 alieni
1067 3066 1166 3111 causa
1188 3046 1353 3132 triumphi,

652 3150 798 3215 vestibus
822 3149 955 3215 indutus
978 3150 1091 3215 famuli
1114 3156 1189 3236 post
1211 3171 1303 3215 arma
1325 3151 1465 3236 tyranni.

653 3275 729 3318 nem
752 3254 803 3318 cui
826 3253 915 3319 bella
938 3259 1071 3339 negant,
1093 3253 1244 3319 fecerunt
1266 3254 1372 3340 iurgia
1394 3260 1551 3332 mortem;

653 3356 794 3422 induviis
816 3377 904 3421 mors
928 3362 980 3422 ost
1001 3357 1131 3442 inopom
1155 3357 1309 3422 simulare
1332 3365 1480 3444 tyranno.
1504 3395 1547 3407 —

653 3482 734 3526 ausa
756 3460 923 3526 Leonidae
946 3465 1168 3547 nocturnaque
1192 3459 1281 3525 bollo
1304 3462 1465 3546 legantur.

497 3581 549 3636 280
575 3581 635 3650 (ars)
655 3572 763 3630 castra
785 3565 916 3629 inimica
938 3571 1055 3650 petens
1078 3565 1198 3628 invasit
1220 3570 1316 3630 nocte
1340 3565 1450 3630 silenti

653 3675 687 3734 et
709 3667 771 3732 luit
793 3689 859 3733 una
881 3668 997 3734 cohors
1020 3673 1147 3732 tantum
1170 3669 1295 3732 munita
1317 3668 1474 3736 tenebris.

652 3791 719 3836 nox
742 3776 813 3835 erat
835 3771 933 3835 umbo
957 3771 1045 3852 viris,
1069 3791 1186 3834 monus
1211 3770 1294 3836 haec
1318 3771 1442 3836 conlisa
1464 3771 1605 3857 periclis,

653 3896 712 3961 spe
735 3875 847 3939 mortis
869 3879 1083 3961 praesumpta
1106 3895 1202 3950 suac;
1226 3875 1281 3960 qui
1304 3875 1378 3940 lnce
1402 3875 1535 3961 repulso

651 3977 801 4043 millenos
824 3979 949 4064 petiere
972 3979 1059 4044 viros
1082 3978 1266 4063 spernendo
1290 3979 1443 4045 salutem.

339 4237 390 4291 251
409 4241 525 4292 nolonte
543 4239 575 4302 Β,
594 4238 695 4290 correxi
798 4235 850 4291 252
872 4254 921 4290 666
941 4238 1088 4289 incredulus
1107 4237 1140 4300 B,
1163 4238 1265 4290 correxi
1270 4258 1276 4303 ;
1300 4254 1349 4290 nec
1372 4237 1492 4290 credulus
1512 4235 1559 4286 Μ’
1667 4235 1891 4300 2576661661Β,

237 4343 305 4378 corr.
317 4325 453 4392 Bitolueler,
474 4333 561 4378 currat
578 4343 622 4392 eqo
640 4325 687 4393 (cs.
700 4322 761 4389 279)
855 4323 907 4376 258
925 4325 993 4388 Quid
1011 4326 1114 4392 etquid
1132 4325 1165 4389 B,
1185 4343 1251 4377 corr.
1265 4325 1380 4377 Areoolo
1467 4321 1519 4376 260
1536 4326 1590 4375 Α66
1608 4324 1629 4376 si
1648 4323 1680 4388 B,
1698 4341 1766 4376 corr.
1779 4323 1892 4376 Areualo

270 4412 320 4465 261
340 4429 380 4466 me
398 4429 478 4466 necea
495 4413 540 4478 Β),
559 4413 690 4464 coniunxit
707 4411 746 4462 Β2
814 4409 1138 4476 262661766611666616
1225 4410 1277 4464 264
1295 4411 1472 4474 TananosB,
1490 4428 1557 4463 corr.
1578 4411 1611 4460 M
1693 4409 1890 4476 2667666166,

236 4517 304 4552 corr.
318 4500 352 4550 d!
417 4499 469 4552 270
480 4501 601 4566 hidippns
611 4499 645 4564 B,
664 4517 731 4551 corr.
745 4499 776 4549 M
783 4499 793 4529 ⁸
863 4497 1270 4566 2716)(το)61616617,6666.1111
1339 4499 1391 4553 273
1408 4503 1504 4553 ducere
1516 4500 1549 4565 Β,
1562 4518 1630 4552 corr.
1644 4500 1675 4549 nl
1680 4499 1690 4529 ¹
1759 4497 1892 4566 2746661-

236 4586 290 4638 line
307 4586 340 4650 B,
358 4588 471 4651 correxi3
488 4587 640 4653 Apollineae
653 4584 910 4637 M²VllUAreunlo
929 4587 1037 4638 Glaerer
1108 4589 1195 4640 retibit
1212 4587 1245 4653 B,
1264 4605 1331 4640 corr.
1346 4588 1451 4652 Peiper;
1468 4588 1561 4638 rcciuit
1578 4587 1611 4636 M
1617 4588 1627 4618 ¹
1696 4585 1747 4638 277
1766 4595 1846 4652 negot
1857 4585 1890 4652 Β,

235 4689 302 4724 cm.
322 4673 353 4723 dl
425 4674 493 4726 iuria
510 4673 543 4738 B,
567 4689 633 4723 corr·
652 4671 699 4722 M⁸
791 4670 843 4724 278
863 4675 894 4723 16
917 4674 1003 4724 dubiis
1021 4673 1047 4723 B
1068 4674 1136 4736 edd,
1159 4692 1226 4727 corr.
1246 4676 1339 4726 Croeso
1425 4671 1477 4725 279
1498 4674 1622 4741 leguntur
1639 4674 1685 4738 B¹,
1704 4691 1771 4725 corr.
1783 4673 1822 4724 Βι

235 4757 287 4812 282
305 4761 383 4812 umbo
400 4777 449 4811 orn.
461 4757 509 4824 13¹,
535 4759 597 4811 odd.
614 4758 652 4809 13²
735 4761 844 4811 conlnsa
869 4759 895 4809 B
901 4798 907 4824 ,
931 4761 1028 4812 conlisa
1047 4761 1218 4814 Glccaeriono
1236 4778 1324 4813 errore
1342 4760 1502 4828 typoqrcplsi‚
1521 4769 1548 4811 ct
1566 4769 1632 4812 recte

337 5017 389 5073 263
416 5016 452 5072 od
473 5025 497 5085 2,
516 5024 567 5072 684
671 5017 723 5074 260
747 5016 821 5085 Vero.
838 5018 906 5073 Aen.
925 5026 950 5086 6,
967 5025 1016 5074 624
1042 5017 1104 5073 cusi
1129 5035 1224 5074 omncs
1250 5016 1362 5073 inmane
1386 5016 1473 5074 nolas.
1501 5023 1525 5086 3,
1539 5025 1572 5071 42
1593 5017 1728 5074 scelerare
1757 5035 1854 5074 manus

234 5120 286 5176 262
310 5121 378 5176 Stat.
403 5121 481 5177 llleb.
501 5130 543 5190 10,
566 5129 611 5176 766
628 5137 680 5189 sqq.
785 5122 836 5177 263
858 5123 974 5178 orbatus
996 5123 1031 5189 cs.
1050 5122 1120 5177 Stat.
1142 5123 1219 5176 llrcb.
1239 5129 1278 5190 10,
1297 5128 1343 5177 708
1364 5139 1399 5177 66
1418 5138 1504 5192 perga
1527 5138 1603 5176 meos
1621 5121 1719 5178 orbare
1738 5127 1854 5193 penates

234 5225 286 5280 264
303 5225 370 5282 Stat.
387 5226 461 5280 lloeb.
475 5235 513 5290 10,
527 5234 574 5282 777
590 5225 725 5298 sanguine
748 5229 816 5282 tunc
843 5227 954 5298 spargit
976 5233 1066 5282 turres
1089 5231 1118 5282 66
1140 5226 1250 5282 moenia
1274 5226 1377 5282 lustrat
1463 5228 1513 5282 267
1532 5233 1556 5295 2,
1571 5234 1623 5283 568
1645 5226 1835 5284 infandae...
1860 5233 1889 5284 et

234 5330 293 5386 sine
311 5331 421 5388 nomine
440 5333 539 5402 culpae
625 5333 676 5387 277
700 5332 844 5402 Vespbuc.
860 5340 925 5400 6,11
949 5332 1040 5403 iurgia
1066 5331 1148 5388 Codri
1235 5333 1286 5388 279
1310 5333 1429 5400 sequitur
1447 5331 1616 5386 Dracordiua
1637 5348 1694 5386 noo
1712 5332 1889 5388 Herodooam

235 5437 269 5502 (7,
283 5439 355 5504 226),
372 5435 418 5490 scd
435 5436 602 5490 Diodoream
620 5437 669 5506 (11,
683 5437 757 5504 966.)
775 5437 959 5492 6666666666
977 5443 1057 5505 arque
1074 5436 1146 5490 roso
1163 5451 1195 5489 ex
1219 5437 1302 5505 Tropo
1325 5435 1427 5490 Iustina·
1448 5437 1573 5490 locustam
1597 5437 1699 5506 (211),
1723 5438 1804 5492 cuius
1820 5454 1889 5506 pora

232 5555 307 5592 nunc
320 5541 411 5607 pettit.
446 5547 513 5595 certe
534 5541 571 5594 ud
588 5558 611 5597 c.
629 5541 680 5596 283
715 5541 879 5607 conferendo
900 5546 964 5595 ment
986 5541 1064 5595 verta
1090 5541 1190 5594 Iouini
1212 5541 1247 5608 (2,
1266 5549 1301 5608 11,
1319 5541 1363 5612 16)
1386 5557 1416 5596 66
1441 5557 1567 5612 pugnare
1590 5557 1645 5595 non
1667 5558 1717 5611 spe
1740 5540 1886 5608 victoriae,

233 5641 328 5696 sedin
347 5643 444 5698 mortis
463 5644 606 5700 ultionem.
642 5645 678 5712 cs.
695 5645 768 5700 Oroa.
782 5653 805 5713 2,
818 5652 936 5714 88666.
1024 5646 1076 5703 280
1101 5645 1175 5716 Verp.
1190 5646 1256 5698 Aen.
1273 5652 1296 5713 9,
1308 5651 1355 5700 816
1373 5647 1466 5700 costra
1484 5643 1598 5699 inimica
1616 5648 1719 5715 petunt

1630 5749 1678 5803 13*
