4568 6396
533 399 568 454 II.
597 401 645 457 DE
663 401 854 458 DRACON'I'I
872 400 1099 456 CARMINIBVS
1117 399 1309 458 comelssvs
1326 402 1570 460 EDITIONIBVS.
1775 403 1882 460 XXVII

226 583 339 648 sibilus
361 579 497 646 concinit
518 597 588 641 cum
610 577 736 642 tectione
757 575 871 641 codicis
892 575 1038 656 Hispani
1059 575 1099 640 ab
1122 575 1247 640 Isidoro
1268 579 1297 640 et
1318 575 1461 658 Esspenio
1476 578 1615 658 muhata
1635 579 1757 648 suillus.
1802 601 1882 663 quae

226 707 295 752 eum
324 687 371 748 ita
399 685 465 748 sint
490 683 546 746 oisc
567 680 678 762 necari
694 684 808 760 potest,
839 679 1004 744 ascendere
1029 683 1152 744 nostros
1181 678 1310 744 laudum
1339 679 1390 744 dei
1416 679 1532 747 codices
1560 688 1709 764 (numque
1737 684 1770 748 A
1798 689 1828 749 ei
1858 683 1887 751 0

220 790 384 871 prosimos
409 805 474 851 csse
496 785 720 851 Bmscettensis
736 783 837 864 panto
858 783 951 868 infra
977 781 1271 860 demonstrabimus,
1296 786 1332 846 ut
1361 781 1393 848 G
1420 786 1579 850 concinere
1605 805 1674 850 cum
1704 787 1786 871 Essa.
1814 789 1880 854 iam

226 893 382 974 discimus)
407 890 451 955 ad
475 889 636 970 exemplar
658 887 843 968 Hispanum
869 906 933 950 non
956 886 1110 950 recentius
1138 885 1210 950 VII
1237 887 1361 952 saecuto
1388 887 1524 952 ineunte.
1580 891 1671 970 atqui
1696 890 1824 975 Esspeni
1853 897 1883 958 et

226 995 354 1073 Isidori,
377 999 412 1058 ut
420 1015 458 1076 p.
472 991 586 1057 XVII
596 991 765 1068 docuimus,
787 989 883 1054 cadere
898 987 1137 1054 Dracontianus
1151 991 1277 1054 iniuria
1292 994 1462 1072 tempormn
1481 991 1649 1058 admodmn
1671 994 1828 1060 laceratus
1853 1000 1883 1061 et

226 1104 391 1184 corruptus
411 1101 494 1162 erat:
518 1095 664 1160 videntur
686 1094 785 1176 icitur
805 1098 915 1157 nostra
937 1094 1132 1178 exemplaria
1151 1093 1283 1173 fluxisse
1304 1098 1361 1158 aut
1387 1115 1427 1158 esc
1450 1093 1504 1159 boc
1531 1097 1599 1176 ipso
1620 1096 1720 1162 codice
1742 1099 1882 1165 nondum

225 1205 309 1270 laeso
330 1207 387 1266 aut
408 1222 448 1266 ee
463 1203 559 1282 patre
580 1199 649 1262 eins
669 1199 743 1261 item
758 1195 905 1278 Hispano
914 1198 947 1283 ¹).
985 1217 1083 1279 neque
1097 1197 1204 1262 dubita
1219 1198 1298 1279 quin
1320 1199 1376 1280 qui
1390 1200 1517 1264 titutum
1532 1199 1753 1282 Lepionensem
1775 1223 1807 1270 a.
1819 1206 1882 1268 630

226 1309 356 1373 dictavit
383 1323 506 1370 versum
536 1305 579 1367 12
600 1311 656 1386 (=
681 1305 710 1379 1,
734 1302 812 1386 611)
835 1301 983 1366 omnibus
1009 1303 1059 1366 his
1088 1323 1165 1366 max
1194 1308 1244 1366 est
1274 1302 1316 1366 de
1345 1303 1483 1368 flammis
1509 1303 1626 1370 tollere
1656 1305 1802 1370 flammas
1829 1308 1882 1370 in-

225 1410 428 1496 sculpendum
450 1407 608 1473 curaverit
629 1406 797 1470 secundnm
819 1405 915 1470 buius
937 1407 1050 1470 codicis
1069 1407 1163 1486 fidem
1170 1405 1209 1492 ²).

325 1551 456 1633 praeter
488 1547 570 1613 Get
592 1546 773 1628 Eumenium
800 1547 856 1628 qui
883 1549 993 1611 sectant
1015 1545 1146 1610 0111111171
1172 1543 1223 1610 dei
1248 1544 1364 1610 codices
1391 1565 1431 1609 ese
1457 1564 1521 1610 uno
1549 1545 1710 1627 eodemque
1738 1548 1818 1612 libro
1855 1546 1888 1612 Y

223 1653 354 1734 fluxisse
376 1651 442 1715 oers'
463 1651 566 1716 simite
587 1655 632 1715 est
640 1651 676 1733 ³).
713 1670 848 1732 machee
870 1649 903 1714 A
925 1653 953 1713 et
979 1646 1081 1714 Onon
1097 1649 1197 1712 multa
1213 1648 1337 1729 quidem
1357 1653 1393 1712 at
1414 1653 1477 1712 tarn
1495 1649 1654 1714 lucutenta
1676 1650 1756 1714 uitia
1770 1649 1884 1714 babent

225 1755 412 1832 communia
434 1757 470 1817 ut
487 1753 585 1838 facile
601 1755 780 1836 perspicias
805 1773 855 1818 eos
875 1753 979 1817 redire
1005 1753 1169 1817 adunam
1191 1752 1364 1833 enormium,
1392 1754 1443 1817 eni
1467 1753 1499 1817 Ω
1524 1773 1636 1818 nornen
1664 1754 1700 1816 in
1727 1758 1884 1819 stemmate

225 1860 333 1941 esto⁴).
370 1859 437 1921 iam
459 1879 528 1922 cum
548 1857 661 1924 BOin
683 1879 719 1923 ea
739 1863 840 1940 parte,
865 1857 919 1922 ubi
939 1857 1100 1939 Eupenius
1121 1856 1217 1934 adest,
1239 1875 1304 1919 non
1325 1857 1503 1940 conspirent
1524 1857 1560 1920 in
1581 1856 1720 1942 sitiis⁵),
1743 1857 1776 1921 A
1798 1862 1828 1921 et
1849 1857 1884 1922 Β

224 1961 415 2026 insecundo
443 1967 473 2026 et
500 1963 590 2026 tertio
618 1962 698 2026 libro
720 1961 960 2027 caecabamur
982 1961 1061 2024 uitia
1084 1961 1173 2038 talia,
1196 1959 1308 2040 qualia
1332 1979 1397 2024 non
1415 1959 1516 2044 facibe
1537 1961 1671 2042 imputes
1692 1964 1809 2026 vetusto
1830 1961 1884 2026 itti

225 2066 399 2146 exemplari
413 2065 607 2149 Hispano⁶).
649 2086 747 2147 quare
769 2067 805 2129 iu
827 2069 984 2132 stemmate
1005 2064 1040 2129 B
1061 2084 1126 2130 non
1148 2065 1241 2145 quasi
1263 2086 1303 2130 ec
1323 2065 1394 2156 ipsa
1408 2064 1439 2127 Ξ
1449 2063 1624 2128 derivatum
1639 2065 1883 2144 repraesentavi,

224 2170 280 2234 sed
300 2190 368 2235 essm
392 2169 425 2234 Ω
453 2171 497 2234 ad
521 2169 602 2234 idem
630 2169 819 2252 archetypon
856 2170 887 2234 Y
912 2169 1040 2248 reduci,
1073 2171 1154 2251 quad
1181 2172 1245 2234 iam
1268 2167 1453 2233 minusculis
1483 2189 1511 2248 q.
1535 2165 1564 2232 d.
1589 2167 1717 2244 litteris,
1744 2167 1883 2252 fortusse

224 2273 426 2338 insularibus
448 2275 655 2357 conscriptum
677 2275 796 2355 opinor.

328 2999 356 3064 1)
367 2996 438 3050 subit
448 2995 534 3068 ipitur
546 2995 630 3050 obstat
642 2995 710 3064 quin
722 2995 889 3050 conicimus
902 2993 1065 3060 Ootumbam,
1083 2993 1162 3047 cuius
1174 2992 1303 3061 spinulas
1311 2992 1434 3062 poeticas
1453 2993 1568 3048 versibus
1580 2991 1718 3048 Draconts'
1736 2995 1884 3046 monacas

224 3103 251 3141 a.
263 3083 589 3152 (777617-81377177177
606 3098 659 3136 csse
673 3080 865 3136 Gundtacbius
881 3080 981 3148 docem,
998 3080 1072 3133 tunsc
1089 3077 1206 3133 codicem
1218 3079 1375 3148 Hispanum
1386 3081 1555 3134 uetustiorem
1566 3079 1673 3134 Isidoro
1684 3078 1884 3134 desmibendmn

223 3187 339 3236 anasse,
347 3169 461 3240 probari
471 3175 560 3223 tamen
569 3185 626 3222 nou
635 3169 695 3237 anit
706 3168 773 3236 quia
781 3167 877 3222 dessmt
886 3169 917 3221 in
926 3167 1042 3221 uersibus
1051 3183 1069 3218 a
1080 3165 1205 3220 Oatmmba
1213 3167 1353 3236 usurpatis
1364 3167 1432 3220 sitia
1444 3173 1544 3238 aspreta
1556 3173 1625 3234 (non
1635 3167 1739 3233 sufficit
1750 3172 1801 3221 sat.
1813 3167 1883 3236 770).

224 3261 252 3329 7)
269 3274 385 3326 narique
402 3257 475 3312 siin
492 3273 522 3311 eo
539 3255 665 3322 infuisset
682 3255 714 3320 is,
734 3255 780 3308 oisc
798 3261 847 3308 aut
866 3255 893 3310 Β
910 3254 1015 3308 baberet
1032 3255 1078 3310 his
1096 3261 1146 3308 aut
1159 3255 1300 3325 Eumenius
1317 3254 1463 3320 scripsisset
1480 3253 1536 3309 hic.
1610 3254 1638 3324 3)
1651 3259 1767 3324 sortasse
1785 3254 1816 3306 iu
1834 3253 1884 3308 boc

223 3346 279 3400 iam
296 3361 355 3399 non
372 3343 506 3411 descripta
523 3348 580 3396 erat
592 3342 743 3411 satisfactio
760 3342 838 3395 cuins
856 3340 888 3393 in
901 3339 980 3394 BAc
994 3357 1044 3395 nec
1061 3341 1122 3395 cota
1140 3341 1262 3395 cernitur
1278 3356 1326 3394 nec
1337 3340 1483 3409 ecdicium.
1519 3339 1561 3394 bis
1580 3342 1669 3394 araci
1681 3341 1713 3393 in
1730 3343 1882 3396 recensione

224 3432 355 3487 carminis
372 3431 501 3502 Enpeuio
518 3435 541 3484 et
562 3428 688 3484 Ocodici
706 3426 801 3482 merida
813 3428 966 3482 cmumsmia
983 3426 1124 3481 tribuendo
1141 3443 1209 3496 assae
1222 3443 1276 3495 pro
1293 3426 1360 3480 aens
1372 3426 1527 3481 unionibus
1537 3425 1662 3481 habenda
1678 3433 1752 3483 mern.
1787 3427 1849 3483 dico
1861 3444 1883 3482 o.

225 3527 247 3585 1,
259 3523 316 3585 330,
333 3517 381 3570 ubi
396 3515 538 3585 lcpmsdum
555 3532 616 3569 eum
628 3513 752 3584 Eupenio
765 3513 918 3579 Formshur,
937 3515 1001 3581 quta
1015 3513 1038 3567 0
1047 3514 1193 3569 Formstus
1205 3513 1322 3580 mutua,-
1340 3515 1440 3569 norma
1458 3514 1504 3570 dei
1521 3515 1553 3567 in
1571 3514 1599 3569 Β
1615 3529 1648 3568 ee
1664 3515 1732 3568 maie
1749 3515 1883 3570 intellecto

226 3603 423 3658 adbrmiatiane
445 3603 561 3673 syllabae
582 3605 644 3656 ·tur
666 3606 728 3654 orta
749 3615 802 3654 esse
824 3599 936 3655 siddim.
983 3601 1045 3654 item
1072 3616 1149 3654 nunc
1170 3600 1257 3668 probo
1286 3600 1318 3652 iu
1343 3617 1366 3653 o.
1381 3608 1403 3666 1,
1421 3605 1470 3655 435
1498 3617 1530 3654 ea
1552 3617 1620 3669 quae
1647 3599 1760 3669 017119.
1788 3600 1885 3654 babent

225 3689 354 3746 bonitate
372 3689 437 3760 pius
454 3691 496 3756 (at
515 3688 624 3758 pieiste
643 3688 732 3743 bonus
751 3687 799 3754 B),
818 3693 850 3740 nt
867 3704 890 3741 o.
902 3691 951 3742 436
969 3685 1105 3755 hyendum
1122 3687 1157 3740 sit
1174 3687 1262 3742 bonus
1280 3686 1330 3753 (sic
1349 3687 1377 3740 Β
1394 3686 1480 3756 mac
1498 3687 1561 3756 pius
1581 3685 1621 3756 0).
1663 3693 1781 3742 attamen
1798 3693 1886 3744 11366

225 3793 289 3831 rure
309 3781 334 3830 et
357 3779 520 3831 3887711117
542 3781 566 3828 et
587 3775 621 3828 ab
639 3773 762 3844 Eupenio
783 3779 807 3828 at
825 3791 843 3826 a
861 3774 1017 3828 castoreatis
1038 3787 1070 3826 ec
1094 3773 1276 3842 intenpestiva
1298 3771 1395 3841 Verptli
1415 3773 1542 3827 numeria
1565 3773 1728 3842 mtapolata
1752 3779 1830 3842 mord,
1853 3779 1886 3828 nt

225 3867 334 3931 murone
351 3867 401 3917 374
418 3862 581 3932 uapularem
598 3861 820 3915 corsstnsctioncm
838 3860 873 3915 de
891 3859 966 3929 quod
983 3859 1015 3912 in
1032 3859 1067 3914 de
1085 3877 1140 3928 quo
1158 3860 1230 3925 salso
1247 3861 1368 3913 mutarit.
1408 3864 1506 3913 cantra
1523 3877 1541 3913 a
1558 3859 1643 3914 uariis
1660 3860 1780 3914 librariis
1796 3859 1885 3916 eadem

224 3948 301 4003 modo
317 3953 455 4020 peccatum
471 3954 523 4002 est:
541 3957 564 4014 1,
576 3955 626 4003 406
643 3946 764 4018 ingeniti
779 3945 802 3999 G
812 3945 884 4014 mm.
904 3947 982 4012 (recte
999 3943 1114 4014 ingenui
1133 3945 1179 4013 Β),
1198 3951 1251 3999 530
1268 3945 1391 4000 fructum
1409 3943 1432 3999 0
1448 3944 1520 4014 mu.
1540 3947 1617 4012 (recte
1635 3945 1742 4000 fructus
1760 3946 1805 4014 Β),
1824 3947 1886 4000 item

224 4045 272 4092 413
296 4037 403 4091 nescire
430 4036 458 4088 B
484 4035 553 4104 Erip.
572 4036 651 4101 (recte
673 4034 781 4089 nescite
808 4033 849 4101 0).
884 4049 967 4100 neusse
985 4031 1023 4086 ad
1045 4031 1075 4086 Y
1093 4031 1233 4086 ascendere
1252 4036 1322 4100 puto
1340 4039 1362 4096 1,
1374 4036 1425 4086 377
1445 4031 1520 4100 quod
1542 4029 1597 4086 Bo
1616 4033 1693 4098 (recte
1715 4049 1770 4100 quo
1793 4032 1886 4102 Eup),

225 4129 275 4178 487
292 4123 401 4178 futuros
419 4121 473 4175 Bc
488 4123 566 4187 (reete
577 4120 687 4174 ficturus
706 4119 801 4188 Essa),
819 4119 863 4173 sed
880 4120 920 4173 bis
936 4117 1023 4173 eodem
1039 4118 1119 4173 modo
1137 4120 1170 4172 in
1185 4119 1299 4189 simpatis
1316 4117 1449 4172 eadimbns
1466 4134 1520 4172 esse
1534 4123 1683 4187 peccatum.
1713 4135 1787 4173 smsss
1803 4124 1886 4174 resmst

225 4207 300 4261 lacus
316 4212 373 4273 330,
390 4206 437 4260 ubi
453 4205 569 4271 sortasse
585 4221 728 4259 consensus
750 4204 870 4259 codicum
887 4203 942 4260 Bo
960 4205 991 4258 in
1009 4205 1166 4276 stringente
1180 4207 1280 4273 mobat
1296 4204 1368 4258 idem
1384 4203 1508 4258 nundum
1524 4205 1609 4271 fuisse
1632 4206 1688 4259 iam
1709 4207 1742 4259 iu
1761 4207 1796 4274 Ξ,
1821 4222 1887 4260 uam

224 4292 298 4359 quod
314 4291 455 4362 Eumenius
471 4291 545 4346 dedit
562 4291 734 4363 stringentes
747 4296 836 4360 potest
853 4292 915 4346 don
932 4291 1016 4346 redire
1034 4292 1071 4346 ad
1089 4292 1253 4364 stringente.
1345 4293 1373 4358 4)
1391 4308 1425 4345 en
1441 4291 1521 4346 babes
1538 4297 1721 4361 susspectum:
1744 4300 1767 4361 7,
1777 4301 1829 4349 708
1847 4294 1887 4349 Te

226 4377 373 4434 cherubim
390 4379 533 4449 seraphim
548 4378 747 4447 dominiumque
766 4379 904 4447 deumque
922 4376 975 4432 AG
985 4395 1038 4447 pra
1055 4384 1125 4434 recto
1142 4379 1238 4434 ordisse
1259 4379 1307 4448 qui
1323 4379 1410 4432 estin
1429 4378 1457 4432 B
1481 4379 1521 4434 rs
1545 4379 1678 4449 seraphin
1696 4380 1887 4450 cherubinque

226 4465 308 4522 deum
326 4465 537 4534 dominumques
555 4472 580 4531 7,
590 4472 639 4521 710
656 4465 762 4520 Pronus
782 4463 843 4532 Ac,
861 4470 931 4520 recte
949 4463 1079 4522 Thronus
1097 4467 1139 4534 B,·
1160 4472 1184 4533 3,
1197 4471 1245 4521 773
1262 4466 1351 4522 somni
1369 4464 1429 4532 Ac,
1445 4471 1515 4521 recte
1532 4466 1624 4523 noctis
1643 4465 1682 4530 Β,·
1701 4467 1797 4536 qnsbrss
1819 4467 1888 4522 udde

225 4551 326 4606 teriora
350 4557 432 4618 7137
452 4551 549 4608 rubido
568 4550 622 4606 AO
632 4568 687 4620 pro
704 4551 823 4622 rapidus
842 4553 900 4622 (Β),
917 4559 941 4619 7,
952 4558 1003 4608 713
1020 4553 1186 4624 hiempsque
1204 4553 1243 4622 A,
1261 4553 1372 4624 hiemps
1393 4553 1482 4622 Opro
1499 4553 1605 4610 hiemes
1623 4553 1685 4621 (Β),
1708 4560 1732 4622 3,
1740 4561 1789 4610 373
1806 4554 1888 4611 assu

225 4639 251 4690 A
264 4635 303 4702 (7)
323 4635 495 4706 opressa
513 4637 570 4706 (Β),
587 4637 724 4704 3077771
742 4637 797 4692 AO
808 4655 863 4706 pro
880 4637 904 4692 si
924 4637 983 4706 (B).
1042 4639 1070 4693 Β
1085 4643 1173 4693 arden
1191 4644 1216 4694 et
1235 4639 1364 4694 Occntra
1382 4640 1411 4693 A
1427 4655 1486 4694 nen
1498 4641 1657 4708 conspirant
1673 4641 1729 4695 misi
1745 4641 1888 4696 intestibus

226 4739 294 4790 quae
314 4722 398 4788 facite
419 4729 527 4792 11177977
545 4723 674 4777 librarius
691 4725 849 4779 commisisse
867 4730 966 4792 potest,
987 4726 1086 4780 seilicet
1109 4733 1133 4794 7,
1144 4733 1193 4782 710
1210 4728 1362 4797 precentur
1384 4725 1440 4782 Bc
1455 4743 1509 4796 pro
1531 4731 1664 4800 precetur
1687 4729 1738 4800 (A)
1761 4734 1828 4797 713,
1841 4735 1889 4784 773

225 4811 358 4877 precetur
376 4808 428 4864 ΒΟ
441 4827 496 4878 pro
514 4812 667 4880 precsnbur
683 4809 742 4878 (A).
821 4811 910 4866 eaden
931 4829 975 4867 res
995 4817 1032 4866 est
1052 4817 1163 4882 retroque
1184 4813 1241 4868 loeo
1262 4829 1315 4882 esso
1337 4814 1366 4867 A
1387 4818 1411 4867 et
1428 4813 1457 4869 Β
1478 4820 1585 4882 urant,
1607 4831 1668 4870 mem
1693 4814 1824 4870 coeam
1844 4814 1889 4870 det

226 4895 372 4949 kdionmu:
390 4896 611 4963 2,2091suduni
629 4897 694 4964 AB,
715 4903 784 4952 recte
801 4898 921 4953 lundens
942 4896 974 4963 c‚·
997 4905 1022 4966 3,
1033 4905 1078 4955 771
1096 4917 1207 4970 pressus
1226 4899 1293 4967 AB,
1314 4903 1382 4953 recte
1401 4916 1526 4969 pressum
1546 4898 1574 4955 0.
1667 4901 1696 4972 5)
1714 4917 1800 4970 neque
1817 4902 1889 4956 enim

224 4986 266 5036 sat
282 4982 379 5050 prusia
396 4988 461 5037 sunt
483 4998 551 5051 ossae
569 4984 754 5052 respiciantur
771 4985 802 5038 in
822 4985 939 5040 uersibus
956 4994 979 5055 1,
997 4991 1053 5042 377.
1071 4993 1122 5043 487
1139 4987 1173 5056 (o.
1192 4991 1260 5040 ncta
1278 4989 1306 5052 3)
1325 5001 1410 5054 necue
1427 4984 1478 5040 bac
1495 4985 1527 5039 iss
1543 4986 1890 5058 remesemnoprapmea

226 5067 320 5136 praba
338 5067 542 5136 1183073117,
560 5076 613 5126 487
630 5069 700 5136 Hos,
718 5071 779 5126 iicet
796 5071 863 5126 baec
880 5071 967 5128 redire
983 5072 1126 5128 rideantur
1143 5071 1180 5126 ud
1198 5073 1227 5128 Ξ.
1325 5073 1353 5141 6)
1369 5076 1435 5126 suut
1451 5071 1532 5126 baec:
1550 5079 1603 5140 7,8
1624 5077 1739 5130 auctore
1761 5074 1819 5130 AB
1835 5091 1889 5144 pro

225 5169 349 5222 eunome,
368 5161 432 5221 7,11
451 5155 526 5212 vices
544 5173 595 5211 suu
612 5156 668 5210 AB
680 5174 734 5226 pro
752 5157 814 5214 vice
833 5175 892 5224 sue,
911 5165 977 5226 7,14
993 5163 1045 5215 tun
1062 5159 1117 5213 AB
1131 5175 1185 5229 pro
1203 5162 1248 5225 tn,
1266 5165 1331 5226 7,17
1347 5159 1397 5228 qni
1416 5159 1471 5214 AB
1484 5174 1539 5230 pro
1555 5159 1635 5230 quia,
1660 5167 1685 5228 7,
1695 5170 1727 5215 41
1745 5161 1889 5218 Mentibus

226 5239 281 5292 AB
295 5255 349 5308 pro
367 5239 512 5308 Omnibus,
531 5249 553 5309 7,
569 5249 601 5296 77
615 5242 691 5297 Num
709 5243 779 5312 quid
798 5245 854 5300 AB
867 5261 921 5314 pro
938 5245 1014 5300 Nem
1031 5246 1107 5316 quid,
1126 5253 1151 5313 7,
1162 5252 1192 5301 78
1210 5245 1305 5300 alvum
1323 5246 1380 5300 AB
1391 5261 1446 5316 pro
1458 5246 1531 5312 slva,
1549 5252 1574 5313 7,
1582 5252 1617 5301 87
1632 5246 1678 5301 his
1697 5247 1747 5317 qui
1765 5247 1821 5302 AB
1834 5265 1889 5318 pro

224 5325 283 5393 qui,
302 5333 326 5392 7,
338 5334 371 5382 77
387 5327 497 5384 hisdem
516 5329 570 5382 AB
582 5345 636 5398 pro
654 5329 751 5394 isdem,
769 5337 794 5396 7,
804 5339 838 5386 70
856 5333 907 5386 tua
924 5332 981 5385 AB
991 5347 1045 5401 pro
1063 5351 1122 5398 sua,
1141 5338 1226 5398 7,177
1242 5333 1317 5390 visus
1330 5334 1385 5388 AB
1396 5349 1450 5402 pro
1467 5331 1566 5396 iussus,
1584 5339 1665 5400 7133
1682 5334 1822 5404 exemptis
1834 5335 1892 5389 AB

220 5427 273 5479 pro
285 5417 440 5483 exemptus.
461 5420 543 5480 7,134
561 5413 681 5486 Sanguis
694 5415 998 5486 1770117771130771117
1010 5418 1100 5474 edisne
1111 5421 1196 5489 latet),
1212 5428 1263 5487 3,4
1277 5421 1429 5476 innumeris
1447 5420 1503 5473 AB
1514 5436 1568 5488 pro
1580 5419 1727 5485 innumeri,
1747 5426 1797 5486 3,6
1809 5420 1889 5478 iubes

225 5497 281 5552 AB
294 5515 348 5568 pro
363 5499 472 5568 iubens,
491 5507 540 5567 3,7
555 5503 635 5572 polos
647 5506 725 5559 stent
743 5505 797 5558 AB
809 5521 864 5573 pro
881 5505 947 5575 polo
960 5509 1044 5571 stent,
1062 5512 1126 5573 317
1138 5507 1219 5564 iubet
1236 5508 1292 5562 AB
1302 5523 1357 5576 pro
1374 5508 1462 5572 iubes,
1481 5513 1505 5573 3,
1512 5515 1561 5562 387
1578 5507 1654 5577 quod
1672 5507 1728 5562 AB
1742 5523 1796 5577 pro
1809 5511 1888 5577 quot,

224 5592 272 5640 073
288 5589 332 5642 eet
344 5588 401 5642 AB
413 5603 467 5658 pro
479 5605 521 5644 es:
535 5619 567 5628 -
580 5593 688 5644 eustasi
704 5592 797 5646 munia
808 5590 884 5645 baud
894 5593 998 5647 nescius
1004 5610 1080 5662 passe
1092 5595 1187 5662 abipsa
1204 5597 1259 5649 iam
1273 5596 1310 5650 ud
1322 5595 1348 5649 Ξ
1361 5595 1491 5650 redirent
1509 5599 1533 5660 7,
1544 5601 1575 5648 77
1583 5593 1667 5659 Num,
1688 5601 1712 5660 7,
1723 5601 1755 5649 77
1769 5595 1888 5662 hisdem,

225 5672 318 5740 abique
337 5674 458 5729 librariis
475 5674 607 5744 imputari
625 5677 664 5732 bis
682 5678 820 5731 commissa
837 5683 869 5731 ut
887 5685 969 5746 7,133
986 5681 1132 5752 exemptis,
1150 5682 1307 5750 36111077,
1327 5682 1508 5752 3667111103.

1648 5784 1682 5839 dt
