4590 6390
844 359 1021 415 ROMVthA
1039 358 1063 412 X

532 537 617 626 qnod
639 537 793 606 Phoebus
815 537 948 604 radians
971 541 1038 602 toto
1061 536 1117 600 vix
1139 534 1282 622 explicat
1304 553 1400 613 anno,

532 643 675 730 corporis
698 649 733 708 et
754 641 917 708 dominam
939 662 1042 708 verax
1065 661 1162 726 quam
1184 639 1282 704 turba
1303 638 1434 714 latetur,

532 752 568 810 tn
589 767 758 814 nemorum
781 753 900 826 custos,
924 750 959 810 tn
980 765 1068 810 mors
1089 745 1224 830 pinnata
1245 743 1388 810 ferarum

445 866 498 924 405
533 849 642 931 (ursus
665 870 779 916 cervus
802 871 882 936 aper
903 848 1082 936 pantherae
1105 847 1237 913 damma
1257 848 1382 927 leones,

532 954 615 1020 retia
638 973 711 1019 cum
733 954 868 1019 veniunt
890 961 947 1020 ant
970 972 1044 1020 eum
1067 952 1231 1020 venabula
1252 949 1394 1031 uibrant,

532 1063 609 1123 ante
632 1079 748 1124 necem
770 1064 827 1124 tua
849 1057 972 1146 praeda
994 1057 1132 1142 iacent);
1157 1062 1189 1122 te
1211 1055 1327 1120 tertius
1349 1053 1445 1119 heres

532 1161 724 1248 participem
747 1163 848 1247 regni,
872 1168 1055 1228 consortem
1078 1161 1157 1225 iuris
1180 1159 1282 1224 amari

533 1265 658 1350 optavit
679 1264 899 1352 mundumque
923 1263 1013 1331 dedit
1035 1263 1095 1329 tibi
1117 1262 1203 1329 done
1225 1260 1404 1328 secundnm

445 1384 498 1442 410
533 1367 610 1454 (sub
633 1375 690 1434 tue
713 1369 867 1436 terribilis
890 1370 1059 1456 rapiuntur
1081 1373 1211 1454 sceptra
1232 1365 1372 1453 tyranni,

532 1471 624 1539 dives
648 1494 773 1560 pauper
794 1474 889 1560 inops
911 1479 1022 1560 raptor
1044 1473 1150 1560 pirata
1173 1469 1327 1536 sacerdos

533 1576 709 1644 advenient
732 1577 889 1664 sublege
912 1577 993 1664 pari,
1016 1597 1082 1642 non
1105 1581 1193 1641 sorte
1215 1574 1276 1640 sub
1298 1594 1379 1640 una:

532 1687 568 1746 tn
591 1683 686 1768 punis
709 1682 875 1769 postlata
898 1703 972 1748 reos
996 1687 1030 1748 et
1051 1682 1180 1746 viscera
1203 1700 1312 1759 saevo,

533 1785 757 1872 Persephone,
773 1786 839 1852 das
861 1792 972 1852 nostra
994 1785 1092 1870 cani),
1115 1790 1188 1871 post
1210 1803 1314 1869 regna
1335 1780 1481 1848 barathri

446 1905 498 1960 415
533 1910 619 1976 quae
641 1890 767 1955 vultum
788 1897 913 1956 mutare
936 1890 1023 1955 soles
1044 1890 1155 1955 visura
1177 1887 1371 1953 Tonantem:

533 1992 575 2057 da
596 1994 736 2075 veniam,
758 1993 878 2060 Medea
899 2014 1028 2081 precor:
1053 2014 1126 2058 cum
1149 1991 1243 2058 clade
1266 2010 1398 2056 snorum
1516 2047 1518 2054 ,

534 2116 599 2160 000
621 2095 718 2162 decet
739 2096 788 2162 ira
810 2095 901 2164 deos.
945 2116 1076 2162 mereor
1097 2117 1155 2181 pro
1177 2095 1312 2160 crimine
1334 2113 1484 2179 poenam,

532 2205 564 2263 te
587 2198 727 2264 10010040
749 2205 870 2284 tamen,
899 2221 965 2264 non
987 2205 1023 2265 ut
1045 2198 1214 2264 mendicus
1236 2198 1334 2264 Iason

533 2303 575 2367 sit
597 2302 730 2384 vindex,
753 2305 877 2390 regina,
901 2310 988 2386 tuus,
1011 2304 1066 2390 qui
1088 2303 1233 2368 criminis
1256 2307 1370 2368 auctor

448 2421 502 2477 420
536 2405 607 2493 1000
629 2406 703 2471 init:
726 2407 881 2474 miseram
903 2408 993 2473 solus
1015 2429 1081 2473 non
1102 2407 1226 2494 puniat,
1250 2427 1318 2486 oro,

533 2509 587 2596 qni
610 2531 738 2576 mecum
761 2510 926 2578 feriendus
948 2517 1035 2588 erat;
1060 2511 1251 2595 cuicumque
1274 2509 1414 2588 iubebis,

533 2613 619 2677 eolla
640 2633 720 2699 paro
742 2614 853 2680 feriat:
879 2619 1007 2680 tantum
1028 2635 1071 2680 ne
1093 2615 1184 2700 uirgo
1202 2611 1352 2679 Oreontis

532 2716 704 2782 discidium
726 2718 832 2803 pariat
854 2723 988 2782 nautam
1010 2716 1156 2792 0004000,
1169 2718 1331 2782 maritum.

466 2869 468 2876 .
534 2820 655 2885 exaudi
676 2820 846 2885 famulam:
870 2820 961 2886 dolor
983 2827 1043 2902 est,
1066 2841 1132 2886 non
1155 2821 1244 2886 aelus
1267 2819 1372 2884 Iason.

446 2938 499 2994 425
535 2923 678 3008 quinque
701 2923 787 2989 dabo
811 2925 946 2990 inferias
974 2924 1041 3009 (sat
1063 2931 1159 2990 erunt
1180 2944 1238 3011 pro
1261 2924 1395 2988 crimine
1418 2926 1528 2986 nostro

532 3027 687 3094 inlustres
708 3027 866 3112 animae):
890 3029 1019 3094 niveam
1043 3049 1116 3094 cum
1138 3028 1256 3094 Iasone
1279 3026 1437 3106 Glaucen,

534 3131 692 3196 mortibus
714 3131 882 3196 amborum
904 3153 1016 3218 regem
1039 3131 1225 3218 superaddo
1249 3131 1391 3198 Creonta

535 3239 569 3300 et
592 3241 687 3300 natos
709 3235 895 3302 miseranda
917 3235 1010 3316 0000,
1033 3257 1107 3303 mea
1129 3237 1274 3322 pignora,
1298 3237 1438 3322 supplex

536 3339 649 3420 offero,
672 3339 848 3424 sacrilegos
869 3345 981 3404 nostro
1004 3339 1045 3405 de
1068 3360 1201 3427 corpore
1223 3339 1357 3422 fructus,

450 3457 503 3514 400
539 3463 580 3506 00
603 3442 705 3528 prosit
726 3462 862 3527 pecasse
884 3439 987 3508 mihi?
1029 3443 1076 3507 sic
1097 3443 1168 3508 fata
1189 3443 1341 3508 sacerdos

539 3545 688 3630 suspexit
710 3565 773 3610 non
797 3545 845 3610 ire
868 3545 962 3630 polos
984 3565 1046 3610 nec
1068 3545 1162 3611 Luna
1184 3545 1312 3612 videtur

536 3649 582 3712 sic
605 3655 717 3713 tauros
740 3667 880 3732 urguere
904 3666 991 3730 suos,
1015 3648 1073 3714 sed
1096 3647 1245 3714 cursibus
1268 3655 1357 3715 astra

535 3751 644 3836 ignitis
666 3771 824 3836 responsa
846 3750 978 3817 dabant.
1021 3752 1135 3838 gavisa
1158 3751 1312 3818 sacerdos

536 3855 635 3920 vertit
657 3853 699 3919 ad
721 3853 884 3920 infernum
907 3854 1047 3939 gemitus
1070 3874 1246 3940 regemque
1268 3855 1414 3920 barathri

448 3971 501 4028 435
538 3977 656 4022 secura
677 3957 743 4022 iam
767 3977 847 4023 voce
871 3957 936 4022 ciet
956 3956 1139 4043 Furiaeque
1160 3964 1327 4044 precatur:

536 4059 645 4146 ‘impie
668 4080 728 4126 rex
750 4057 861 4142 Erebi,
884 4060 940 4146 qui
962 4058 1167 4127 formidabile
1190 4081 1328 4146 regnum

536 4163 651 4229 Mortis
674 4163 789 4247 habes,
813 4183 909 4248 quem
933 4169 1021 4229 terra
1042 4165 1171 4250 premit,
1194 4166 1249 4250 qui
1271 4165 1389 4231 lunera
1410 4165 1522 4231 mundi

538 4268 662 4354 excipis
684 4272 718 4333 et
741 4268 840 4333 tantis
863 4287 927 4332 non
950 4269 1065 4353 exples
1087 4268 1230 4334 luctibus
1253 4269 1377 4346 aulam;

536 4371 752 4457 anguicomae
775 4391 833 4435 vos
857 4390 985 4456 qnoque
1008 4369 1102 4452 deae,
1126 4371 1243 4456 quibus
1264 4372 1383 4458 impius
1406 4371 1519 4438 horror

448 4491 501 4549 440
536 4475 646 4560 turpia
667 4475 821 4560 vipereae
844 4473 1024 4539 funduntur
1045 4475 1193 4540 membra
1214 4482 1361 4541 cerastae

536 4577 707 4664 (plurimus
729 4599 786 4642 ora
808 4578 891 4663 tegit
913 4575 1060 4663 pendens
1083 4577 1124 4643 de
1147 4579 1268 4645 vertice
1292 4599 1427 4665 serpens

245 4773 297 4828 414
320 4781 378 4842 post
401 4775 456 4839 {ala
473 4787 554 4838 regua
577 4787 596 4820 ιι
686 4765 738 4819 418
756 4765 976 4853 000010012050
1062 4765 1112 4818 421
1132 4768 1180 4820 erit
1197 4767 1318 4822 Bdlrrem
1402 4767 1454 4822 423
1471 4777 1546 4839 parnt
1567 4769 1600 4835 N,
1622 4786 1691 4822 corr.
1712 4769 1793 4822 Dnbn

177 4859 231 4914 425
250 4862 331 4914 dabos
349 4861 382 4924 N,
401 4861 466 4912 dabo
483 4877 502 4909 0
578 4857 645 4908 erint
664 4854 707 4905 Nu
810 4851 1075 4906 recommiscere
1153 4856 1277 4908 Glaucem
1301 4856 1345 4908 Nn
1374 4867 1376 4872 '
1441 4853 1491 4909 431
1517 4874 1569 4938 000
1594 4857 1650 4908 inre
1668 4856 1740 4923 polos
1757 4856 1791 4919 N,

140 4947 350 5012 0000110050νο
435 4942 487 4996 432
504 4944 619 4995 crinibus
637 4940 757 4993 Bdhrene
837 4937 888 4991 436
906 4943 961 4992 Iam
979 4941 1021 5008 pie
1038 4940 1072 5004 N,
1091 4957 1158 4993 corr.
1171 4941 1252 4993 Dnhn
1338 4939 1391 4994 440
1407 4943 1568 5008 1000000400
1584 4960 1604 4993 a

244 5117 298 5173 404
320 5114 393 5183 Vero.
412 5113 480 5167 Aca.
500 5119 523 5180 0,
540 5117 592 5166 405
608 5113 638 5165 et
654 5124 795 5164 nemorum
819 5107 941 5164 Latonia
965 5111 1057 5164 custos
1082 5108 1161 5176 (Hor.
1177 5125 1259 5166 cama.
1275 5115 1300 5180 3,
1318 5115 1361 5178 22,
1381 5113 1407 5179 1)
1499 5112 1551 5168 407
1575 5110 1670 5165 01000.
1687 5115 1727 5180 35,
1748 5119 1797 5166 167

141 5219 247 5276 tertius
266 5217 347 5274 heres
359 5213 473 5271 Saturni
541 5211 593 5268 413
610 5211 718 5267 Laecam
730 5218 754 5279 5,
768 5217 818 5266 702
834 5211 882 5281 qui
895 5211 1001 5267 viscera
1013 5229 1096 5268 saevo
1108 5211 1217 5284 spargis
1234 5215 1329 5268 nostra
1342 5213 1405 5269 cani
1472 5214 1524 5268 415
1541 5215 1576 5282 es.
1589 5213 1697 5270 10000.
1710 5221 1734 5280 0,
1748 5221 1796 5270 730

175 5323 229 5379 426
251 5321 328 5390 Vera.
341 5319 411 5374 Aen.
426 5325 450 5386 5,
465 5323 510 5372 rte
527 5313 653 5370 inlustris
671 5313 779 5370 animas
797 5315 867 5382 (100.
884 5323 910 5383 4,
930 5319 986 5384 152)
1089 5315 1139 5370 431
1164 5315 1272 5370 Lucam
1287 5323 1311 5384 6,
1323 5323 1375 5372 455
1397 5315 1525 5388 Iuppiter
1538 5356 1545 5372 .
1558 5357 1584 5371 ..
1602 5316 1721 5372 miratur
1739 5337 1794 5374 nou

139 5427 180 5482 ire
206 5425 297 5496 polos.
326 5419 599 5488 cananaeam
692 5418 744 5474 402
773 5417 869 5474 caua.
886 5434 908 5473 c.
924 5417 988 5472 mia.
1006 5423 1049 5484 33,
1061 5424 1096 5472 50
1117 5417 1223 5474 nitidos
1249 5419 1409 5489 stupefacta
1433 5419 1564 5476 iuvencos
1589 5420 1668 5476 Luna
1689 5421 1794 5492 premit

145 5529 300 5602 pigrosque
318 5523 400 5595 polus
416 5540 473 5578 non
490 5521 614 5578 concitat
631 5539 697 5577 axes
781 5522 833 5578 436
850 5521 917 5576 etat.
938 5521 1012 5576 llsot.
1029 5531 1054 5590 4,
1071 5527 1120 5578 473
1140 5521 1317 5579 formidabile
1338 5541 1455 5595 regnum
1474 5523 1573 5582 Mortis
1657 5526 1708 5581 441
1727 5525 1795 5581 &ut

144 5633 227 5691 Tea.
240 5641 266 5700 4,
278 5637 324 5686 555
341 5628 376 5684 00
393 5625 497 5682 vertice
514 5641 627 5696 serpens
