4554 6396
839 347 990 404 svenne
1026 349 1262 407 semsencmo

638 529 671 590 te
695 524 777 592 deus
801 525 964 613 aspiciens
988 524 1156 592 effundere
1180 527 1265 592 nolle
1288 548 1448 608 eruorem,

681 634 718 694 ut
740 630 811 696 sine
833 636 978 717 peccate,
1001 650 1067 696 nen
1090 631 1159 696 sine
1181 629 1279 697 leude
1301 631 1404 710 daret,

638 734 777 799 contulit
799 734 928 800 absenti
952 740 1061 801 terrae
1080 736 1256 822 pelagique
1278 736 1475 824 triumphes:

680 837 799 903 Ansila
821 843 971 920 testatur,
995 837 1129 905 Maurus
1151 840 1273 926 ubique
1296 841 1392 906 iacet.

483 957 533 1012 185
585 972 623 1014 us
642 941 729 1029 quod
752 947 890 1030 pereunt
912 942 1038 1023 hostes,
1061 944 1148 1030 regis
1171 943 1302 1011 fortuna
1324 950 1476 1020 vocatum

584 1077 624 1118 ue
685 1046 770 1133 quod
793 1052 932 1132 pereunt
954 1047 1077 1134 populi,
1101 1049 1256 1133 temporis
1280 1047 1359 1114 erdo
1382 1049 1477 1134 gerit.

586 1181 624 1222 sss
645 1151 753 1216 omnia
776 1157 905 1236 tempus
929 1151 1007 1236 agit,
1031 1173 1105 1216 cum
1128 1157 1274 1238 tempere
1298 1159 1416 1218 cuncte
1439 1158 1601 1234 creantur,

584 1286 624 1326 sss
684 1261 831 1341 tempora
854 1260 929 1321 sunt
951 1256 1049 1338 vitae,
1072 1257 1357 1342 temperamentis
1380 1262 1486 1321 erunt.

638 1381 699 1426 sex
722 1366 798 1426 sunt
820 1366 948 1426 aetates
971 1360 1136 1427 hominum
1160 1361 1316 1448 cuiusque
1340 1366 1496 1428 senectae

486 1485 536 1544 190
684 1471 718 1532 et
740 1465 893 1532 distincte
915 1470 1029 1531 tenent
1051 1471 1199 1552 tempore
1221 1486 1370 1553 quaeque
1395 1487 1463 1531 sua.

639 1568 797 1656 numquid
821 1568 972 1634 adulterii
997 1568 1152 1656 strepitus
1174 1568 1312 1634 infantia
1336 1570 1477 1656 simplex

684 1673 828 1740 vindicat
849 1677 907 1738 eut
928 1672 1078 1738 fremitus
1101 1671 1195 1760 pigra
1218 1679 1352 1740 senecta
1374 1675 1483 1760 gerit?

586 1809 625 1850 ss
643 1799 707 1844 nou
731 1777 909 1843 catulastra
931 1777 1018 1864 gerit
1038 1776 1186 1863 puerilia,
1209 1798 1275 1843 non
1298 1799 1381 1865 puer
1402 1779 1502 1845 audet

684 1887 859 1948 attrectare
883 1887 979 1947 tener
1001 1880 1121 1946 Martie
1142 1883 1210 1947 tela
1232 1903 1341 1948 manu.

486 2003 535 2060 195
640 2007 705 2052 nen
728 1986 807 2052 furit
829 1985 862 2050 in
882 2006 1037 2052 venerem
1061 1984 1203 2051 nondum
1226 1986 1426 2073 pubentibus
1448 1987 1541 2052 annis

682 2111 745 2157 nec
768 2089 872 2156 letum
894 2096 1009 2177 partus
1032 2090 1153 2156 femina
1176 2090 1284 2156 reddit
1305 2113 1400 2158 anus.

639 2200 785 2261 maturus
808 2199 937 2276 uectat,
961 2195 1064 2280 gemit
1087 2201 1121 2261 et
1144 2195 1362 2261 tremebunde
1384 2201 1537 2262 senectus

586 2331 625 2371 eso
688 2299 801 2366 nescia
823 2299 963 2366 serveris
986 2299 1038 2366 vel
1061 2300 1203 2366 levitatis
1225 2301 1331 2387 inops.

640 2403 797 2491 numquid
820 2410 898 2470 nata
920 2425 1016 2490 seges
1040 2404 1188 2470 homines
1211 2426 1288 2470 mox
1311 2409 1418 2470 armat
1439 2408 1585 2490 agrestes

483 2526 536 2584 200
683 2509 817 2574 floribus
840 2515 898 2573 aul
920 2508 1041 2594 genitis
1063 2508 1187 2574 fruetus
1211 2509 1298 2574 inest
1320 2508 1451 2574 subite?

639 2613 790 2679 nevimus
814 2618 905 2679 aetra
926 2612 993 2700 poli
1016 2612 1182 2678 conlectos
1205 2612 1345 2699 perdere
1368 2631 1482 2677 cursus
1579 2602 1582 2606 ’

682 2722 930 2803 transactasque
955 2715 1051 2782 simul
1074 2717 1122 2782 sic
1143 2717 1303 2803 repetisse
1326 2717 1407 2782 viss.

586 2853 624 2894 sss
644 2828 790 2909 tempore
813 2823 891 2887 luna
914 2841 973 2887 suo
997 2822 1117 2887 erescit
1138 2822 1192 2886 vel
1214 2819 1326 2886 delicit
1347 2820 1436 2904 orbe,

684 2927 776 2992 cuius
799 2925 841 2992 ad
865 2931 1008 2991 aetatem
1032 2925 1171 3012 plurime
1193 2945 1294 3012 saepe
1318 2925 1409 2992 liunt.

484 3047 536 3104 205
641 3052 718 3097 nam
739 3031 819 3095 luna
842 3035 1011 3095 crescente
1033 3030 1154 3094 fretum
1177 3028 1379 3096 incrementa
1402 3031 1549 3112 resumit,

683 3156 748 3221 que
769 3135 936 3200 minuente
959 3133 1043 3220 pelis
1070 3139 1121 3199 est
1143 3133 1247 3199 minor
1269 3133 1357 3199 unda
1379 3135 1489 3201 maris.

643 3239 785 3327 Cynthia
807 3238 884 3304 dum
907 3239 1033 3320 crescit,
1059 3238 1167 3304 lentes
1192 3244 1224 3304 et
1246 3239 1555 3307 flumina'crescunt

587 3375 626 3416 rso
688 3350 722 3410 el
743 3343 935 3408 minuuntur
955 3343 1046 3426 ilem,
1070 3341 1212 3429 Cynthia
1233 3343 1311 3416 dum
1333 3345 1458 3411 minuit.

641 3449 715 3536 ipse
736 3447 881 3514 medulla
903 3447 1009 3512 latens
1032 3446 1186 3512 observat
1209 3468 1330 3513 cernue
1351 3449 1460 3533 lunae,

487 3570 539 3627 210
687 3558 821 3618 servant
844 3556 878 3617 et
899 3550 997 3617 lunae
1021 3555 1109 3616 tecle
1132 3550 1267 3617 cerebra
1289 3552 1417 3638 globos.

642 3657 691 3722 eol
715 3657 830 3722 oculus
854 3656 938 3722 caeli
959 3655 1092 3720 radiens
1115 3654 1262 3721 fuscetur
1284 3655 1326 3722 ab
1350 3657 1467 3722 umbra

687 3766 721 3827 et
743 3766 853 3826 temen
877 3759 919 3825 ad
941 3760 1052 3825 solitus
1075 3759 1165 3846 itque
1188 3760 1336 3847 reditque
1359 3761 1484 3848 plegae.

587 3865 808 3952 reaccipiunt
830 3864 931 3931 facies
954 3864 1079 3950 crispas
1102 3863 1274 3951 lucemque
1296 3872 1468 3931 resumunt

590 4016 624 4025 -
686 3968 800 4034 ordine
824 3974 942 4034 cuncta
964 3989 1023 4033 suo
1047 3967 1156 4036 sidera
1177 3968 1244 4034 fixe
1266 3970 1352 4056 pole.

485 4090 537 4146 215
589 4105 628 4146 sss
646 4074 767 4140 demna
789 4073 843 4139 vel
866 4079 1044 4159 augmenta
1066 4072 1165 4140 rebus
1189 4073 1352 4141 elementa
1374 4073 1550 4142 dederunt:

332 4403 382 4458 184
400 4406 501 4459 Aneilia
519 4405 545 4458 P
632 4404 682 4458 186
706 4405 806 4475 ipopuli
824 4405 859 4457 M
960 4405 1009 4458 167
1029 4425 1078 4460 om.
1097 4406 1148 4458 FP
1170 4407 1228 4460 edd.
1254 4414 1313 4458 aute
1331 4405 1513 4458 Messanam
1619 4403 1669 4458 189
1686 4413 1749 4459 sunt
1769 4412 1823 4458 ales
1840 4403 1881 4456 ΡΙ

264 4491 314 4546 192
331 4501 404 4560 gerat
416 4492 457 4544 ΡΙ
530 4489 580 4544 193
597 4493 673 4559 gerit]
692 4495 731 4560 git
742 4509 825 4560 supra
835 4509 936 4546 sermm
948 4493 989 4544 ,1ἹΙ
1062 4493 1112 4546 195
1130 4496 1187 4546 Non
1206 4502 1268 4546 sust
1284 4495 1312 4546 in
1329 4491 1369 4558 (al
1380 4499 1442 4545 sunt
1459 4493 1486 4544 ia
1499 4492 1608 4559 rasura)
1621 4493 1654 4559 F,
1672 4495 1730 4544 Nou
1741 4501 1803 4544 eunt
1819 4492 1846 4543 in
1859 4491 1885 4542 P

265 4579 314 4632 196
326 4581 391 4632 redit
405 4579 444 4630 F¹
524 4579 575 4632 198
593 4581 688 4633 laboris
707 4580 736 4631 F
741 4581 748 4611 ¹
820 4582 978 4633 attullimus
989 4599 1076 4634 000000
1093 4582 1121 4633 in
1134 4581 1185 4633 FP
1200 4583 1259 4634 edd.
1277 4590 1336 4634 aste
1348 4581 1542 4647 Leraneenum3
1561 4588 1655 4632 celeres
1672 4581 1834 4632 behetselin
1852 4578 1883 4629 M

263 4665 313 4718 199
331 4673 405 4719 nates
423 4683 484 4733 egee
501 4666 529 4732 (o
552 4685 619 4720 eurr.
633 4668 661 4719 in
679 4666 707 4735 0)
729 4668 763 4718 M
845 4666 895 4720 201
919 4670 1044 4721 Nebimus
1062 4667 1198 4738 astlllspoli
1216 4669 1250 4720 M
1331 4667 1383 4722 202
1401 4684 1453 4735 que
1472 4667 1506 4718 M
1587 4665 1639 4720 206
1657 4669 1741 4731 Quam
1759 4667 1787 4718 in
1805 4673 1882 4718 vente

228 4754 280 4820 poli
300 4753 334 4804 Μ
399 4755 471 4806 unda
488 4771 582 4806 manus
601 4755 631 4804 M
705 4751 757 4806 207
775 4756 881 4807 Chinlia
899 4755 936 4819 M,
954 4755 1013 4807 iaec
1030 4753 1082 4808 208
1163 4754 1215 4806 212
1232 4753 1275 4821 idq
1292 4762 1408 4808 correcta
1425 4755 1451 4806 ia
1469 4753 1585 4822 margine
1603 4767 1614 4806 s
1632 4753 1667 4804 M
1738 4751 1790 4804 213
1808 4751 1881 4804 Aeci·

228 4843 308 4909 pians
331 4841 366 4893 M
386 4841 438 4894 sisi
453 4843 522 4895 male
539 4843 646 4896 attendit
663 4843 731 4897 Beer
