<?xml version="1.0" encoding="UTF-8"?>
<!DOCTYPE html PUBLIC "-//W3C//DTD XHTML 1.0 Transitional//EN"
    "http://www.w3.org/TR/xhtml1/DTD/xhtml1-transitional.dtd">
<html xmlns="http://www.w3.org/1999/xhtml" xml:lang="en" lang="en">
 <head>
  <title>
</title>
<meta http-equiv="Content-Type" content="text/html;charset=utf-8" />
  <meta name='ocr-system' content='tesseract 3.04.00' />
  <meta name='ocr-capabilities' content='ocr_page ocr_carea ocr_par ocr_line ocrx_word'/>
</head>
<body>
  <div class='ocr_page' id='page_1' title='image "./monumentagerman05unkngoog/monumentagerman05unkngoog_0185.png"; bbox 0 0 4554 6396; ppageno 0'>
   <div class='ocr_carea' id='block_1_1' title="bbox 988 408 1460 472">
    <p class='ocr_par' dir='ltr' id='par_1_1' title="bbox 988 408 1460 472">
     <span class='ocr_line' id='line_1_1' title="bbox 988 408 1460 472; baseline -0.008 -2"><span class='ocrx_word' id='word_1_1' title='bbox 988 411 1191 472; x_wconf 81' lang='lat' dir='ltr'>DRACON&#39;I&#39;II</span> <span class='ocrx_word' id='word_1_2' title='bbox 1226 408 1460 468; x_wconf 78' lang='lat' dir='ltr'>SATISFAC&#39;PIO</span> 
     </span>
    </p>
   </div>
   <div class='ocr_carea' id='block_1_2' title="bbox 724 587 1797 4329">
    <p class='ocr_par' dir='ltr' id='par_1_2' title="bbox 724 587 1797 4329">
     <span class='ocr_line' id='line_1_2' title="bbox 793 587 1604 675; baseline -0.002 -21"><span class='ocrx_word' id='word_1_3' title='bbox 793 595 826 656; x_wconf 88' lang='lat' dir='ltr'>te</span> <span class='ocrx_word' id='word_1_4' title='bbox 850 589 932 656; x_wconf 90' lang='lat' dir='ltr'>deus</span> <span class='ocrx_word' id='word_1_5' title='bbox 955 589 1117 675; x_wconf 80' lang='lat' dir='ltr'><strong>aspiciens</strong></span> <span class='ocrx_word' id='word_1_6' title='bbox 1141 587 1310 655; x_wconf 83' lang='lat' dir='ltr'>effundere</span> <span class='ocrx_word' id='word_1_7' title='bbox 1334 588 1421 653; x_wconf 90' lang='lat' dir='ltr'>nolle</span> <span class='ocrx_word' id='word_1_8' title='bbox 1445 607 1604 668; x_wconf 88' lang='lat' dir='ltr'>cruorem,</span> 
     </span>
     <span class='ocr_line' id='line_1_3' title="bbox 835 691 1566 780; baseline -0.003 -22"><span class='ocrx_word' id='word_1_9' title='bbox 835 701 873 760; x_wconf 92' lang='lat' dir='ltr'>ut</span> <span class='ocrx_word' id='word_1_10' title='bbox 896 695 967 760; x_wconf 88' lang='lat' dir='ltr'>sinc</span> <span class='ocrx_word' id='word_1_11' title='bbox 990 699 1136 780; x_wconf 88' lang='lat' dir='ltr'>peccato,</span> <span class='ocrx_word' id='word_1_12' title='bbox 1160 713 1225 759; x_wconf 93' lang='lat' dir='ltr'>ncn</span> <span class='ocrx_word' id='word_1_13' title='bbox 1249 693 1320 758; x_wconf 92' lang='lat' dir='ltr'>sine</span> <span class='ocrx_word' id='word_1_14' title='bbox 1343 691 1441 758; x_wconf 84' lang='lat' dir='ltr'>lende</span> <span class='ocrx_word' id='word_1_15' title='bbox 1464 691 1566 773; x_wconf 85' lang='lat' dir='ltr'>daret,</span> 
     </span>
     <span class='ocr_line' id='line_1_4' title="bbox 793 796 1630 884; baseline -0.002 -20"><span class='ocrx_word' id='word_1_16' title='bbox 793 799 932 864; x_wconf 88' lang='lat' dir='ltr'>contulit</span> <span class='ocrx_word' id='word_1_17' title='bbox 955 797 1084 864; x_wconf 82' lang='lat' dir='ltr'>absenti</span> <span class='ocrx_word' id='word_1_18' title='bbox 1106 801 1213 864; x_wconf 88' lang='lat' dir='ltr'>terrae</span> <span class='ocrx_word' id='word_1_19' title='bbox 1237 797 1413 884; x_wconf 80' lang='lat' dir='ltr'>pelagique</span> <span class='ocrx_word' id='word_1_20' title='bbox 1436 796 1630 883; x_wconf 90' lang='lat' dir='ltr'>triumphos:</span> 
     </span>
     <span class='ocr_line' id='line_1_5' title="bbox 837 901 1549 989; baseline 0.001 -21"><span class='ocrx_word' id='word_1_21' title='bbox 837 903 954 968; x_wconf 85' lang='lat' dir='ltr'>Ansile</span> <span class='ocrx_word' id='word_1_22' title='bbox 975 907 1127 984; x_wconf 82' lang='lat' dir='ltr'>testetur,</span> <span class='ocrx_word' id='word_1_23' title='bbox 1152 901 1287 967; x_wconf 83' lang='lat' dir='ltr'>Maurus</span> <span class='ocrx_word' id='word_1_24' title='bbox 1309 901 1430 989; x_wconf 92' lang='lat' dir='ltr'>ubique</span> <span class='ocrx_word' id='word_1_25' title='bbox 1453 903 1549 970; x_wconf 86' lang='lat' dir='ltr'>iacet.</span> 
     </span>
     <span class='ocr_line' id='line_1_6' title="bbox 724 1005 1621 1094; baseline -0.009 -16"><span class='ocrx_word' id='word_1_26' title='bbox 724 1023 776 1080; x_wconf 82' lang='grc'>215</span> <span class='ocrx_word' id='word_1_27' title='bbox 794 1007 879 1094; x_wconf 90' lang='lat' dir='ltr'>quod</span> <span class='ocrx_word' id='word_1_28' title='bbox 902 1013 1041 1094; x_wconf 89' lang='lat' dir='ltr'>pereunt</span> <span class='ocrx_word' id='word_1_29' title='bbox 1063 1006 1188 1090; x_wconf 88' lang='lat' dir='ltr'>hostes,</span> <span class='ocrx_word' id='word_1_30' title='bbox 1212 1007 1300 1093; x_wconf 90' lang='lat' dir='ltr'>regis</span> <span class='ocrx_word' id='word_1_31' title='bbox 1322 1005 1453 1072; x_wconf 74' lang='lat' dir='ltr'>fortuna</span> <span class='ocrx_word' id='word_1_32' title='bbox 1476 1012 1621 1090; x_wconf 84' lang='lat' dir='ltr'>vocetur,</span> 
     </span>
     <span class='ocr_line' id='line_1_7' title="bbox 837 1111 1637 1199; baseline -0.003 -21"><span class='ocrx_word' id='word_1_33' title='bbox 837 1111 925 1199; x_wconf 91' lang='lat' dir='ltr'>quod</span> <span class='ocrx_word' id='word_1_34' title='bbox 946 1117 1086 1198; x_wconf 90' lang='lat' dir='ltr'>pereunt</span> <span class='ocrx_word' id='word_1_35' title='bbox 1108 1112 1230 1199; x_wconf 87' lang='lat' dir='ltr'>populi,</span> <span class='ocrx_word' id='word_1_36' title='bbox 1255 1113 1412 1198; x_wconf 88' lang='lat' dir='ltr'>temporis</span> <span class='ocrx_word' id='word_1_37' title='bbox 1434 1111 1511 1178; x_wconf 88' lang='lat' dir='ltr'>ordo</span> <span class='ocrx_word' id='word_1_38' title='bbox 1535 1112 1637 1198; x_wconf 90' lang='lat' dir='ltr'>regit:</span> 
     </span>
     <span class='ocr_line' id='line_1_8' title="bbox 795 1215 1611 1296; baseline -0.002 -14"><span class='ocrx_word' id='word_1_39' title='bbox 795 1237 871 1282; x_wconf 88' lang='lat' dir='ltr'>nam</span> <span class='ocrx_word' id='word_1_40' title='bbox 895 1216 924 1281; x_wconf 92' lang='lat' dir='ltr'>si</span> <span class='ocrx_word' id='word_1_41' title='bbox 947 1215 1102 1283; x_wconf 88' lang='lat' dir='ltr'>debilitas</span> <span class='ocrx_word' id='word_1_42' title='bbox 1124 1216 1251 1282; x_wconf 86' lang='lat' dir='ltr'>laceret</span> <span class='ocrx_word' id='word_1_43' title='bbox 1273 1215 1455 1282; x_wconf 79' lang='lat' dir='ltr'>discurrere</span> <span class='ocrx_word' id='word_1_44' title='bbox 1477 1219 1611 1296; x_wconf 86' lang='lat' dir='ltr'>mortes,</span> 
     </span>
     <span class='ocr_line' id='line_1_9' title="bbox 837 1319 1662 1407; baseline -0.002 -21"><span class='ocrx_word' id='word_1_45' title='bbox 837 1341 903 1386; x_wconf 92' lang='lat' dir='ltr'>non</span> <span class='ocrx_word' id='word_1_46' title='bbox 926 1319 1083 1386; x_wconf 77' lang='lat' dir='ltr'>caderent</span> <span class='ocrx_word' id='word_1_47' title='bbox 1104 1321 1197 1407; x_wconf 91' lang='lat' dir='ltr'>pueri</span> <span class='ocrx_word' id='word_1_48' title='bbox 1219 1325 1276 1385; x_wconf 87' lang='lat' dir='ltr'>aut</span> <span class='ocrx_word' id='word_1_49' title='bbox 1298 1319 1419 1386; x_wconf 78' lang='lat' dir='ltr'>femina</span> <span class='ocrx_word' id='word_1_50' title='bbox 1442 1341 1542 1386; x_wconf 85' lang='lat' dir='ltr'>sexus</span> <span class='ocrx_word' id='word_1_51' title='bbox 1565 1320 1662 1384; x_wconf 91' lang='lat' dir='ltr'>iners.</span> 
     </span>
     <span class='ocr_line' id='line_1_10' title="bbox 795 1422 1771 1513; baseline -0.002 -23"><span class='ocrx_word' id='word_1_52' title='bbox 795 1425 905 1490; x_wconf 88' lang='lat' dir='ltr'>omnia</span> <span class='ocrx_word' id='word_1_53' title='bbox 927 1430 1056 1513; x_wconf 91' lang='lat' dir='ltr'>tempus</span> <span class='ocrx_word' id='word_1_54' title='bbox 1079 1425 1157 1510; x_wconf 87' lang='lat' dir='ltr'>egit,</span> <span class='ocrx_word' id='word_1_55' title='bbox 1180 1445 1254 1490; x_wconf 89' lang='lat' dir='ltr'>cum</span> <span class='ocrx_word' id='word_1_56' title='bbox 1278 1431 1425 1511; x_wconf 89' lang='lat' dir='ltr'>tempore</span> <span class='ocrx_word' id='word_1_57' title='bbox 1448 1429 1567 1490; x_wconf 87' lang='lat' dir='ltr'>cuncta</span> <span class='ocrx_word' id='word_1_58' title='bbox 1589 1422 1771 1506; x_wconf 87' lang='lat' dir='ltr'>trahuntur,</span> 
     </span>
     <span class='ocr_line' id='line_1_11' title="bbox 724 1529 1631 1615; baseline -0.001 -23"><span class='ocrx_word' id='word_1_59' title='bbox 724 1543 777 1600; x_wconf 80' lang='lat'>220</span> <span class='ocrx_word' id='word_1_60' title='bbox 837 1534 985 1614; x_wconf 89' lang='lat' dir='ltr'>tempora</span> <span class='ocrx_word' id='word_1_61' title='bbox 1008 1533 1087 1594; x_wconf 90' lang='lat' dir='ltr'>eunt</span> <span class='ocrx_word' id='word_1_62' title='bbox 1108 1529 1207 1609; x_wconf 82' lang='lat' dir='ltr'>vitae,</span> <span class='ocrx_word' id='word_1_63' title='bbox 1231 1529 1513 1615; x_wconf 83' lang='lat' dir='ltr'>temperamentis</span> <span class='ocrx_word' id='word_1_64' title='bbox 1537 1533 1631 1593; x_wconf 89' lang='lat' dir='ltr'>eunt:</span> 
     </span>
     <span class='ocr_line' id='line_1_12' title="bbox 795 1633 1758 1720; baseline -0.002 -22"><span class='ocrx_word' id='word_1_65' title='bbox 795 1653 855 1698; x_wconf 87' lang='lat' dir='ltr'>sex</span> <span class='ocrx_word' id='word_1_66' title='bbox 878 1638 953 1698; x_wconf 92' lang='lat' dir='ltr'>sunt</span> <span class='ocrx_word' id='word_1_67' title='bbox 976 1639 1102 1699; x_wconf 85' lang='lat' dir='ltr'>aetates</span> <span class='ocrx_word' id='word_1_68' title='bbox 1126 1633 1294 1698; x_wconf 89' lang='lat' dir='ltr'>hominum</span> <span class='ocrx_word' id='word_1_69' title='bbox 1316 1633 1429 1720; x_wconf 88' lang='lat' dir='ltr'>procul</span> <span class='ocrx_word' id='word_1_70' title='bbox 1452 1653 1555 1720; x_wconf 89' lang='lat' dir='ltr'>usque</span> <span class='ocrx_word' id='word_1_71' title='bbox 1578 1637 1758 1713; x_wconf 86' lang='lat' dir='ltr'>senectam,</span> 
     </span>
     <span class='ocr_line' id='line_1_13' title="bbox 837 1735 1653 1823; baseline 0.005 -23"><span class='ocrx_word' id='word_1_72' title='bbox 837 1735 900 1802; x_wconf 89' lang='lat' dir='ltr'>hae</span> <span class='ocrx_word' id='word_1_73' title='bbox 924 1735 1078 1802; x_wconf 87' lang='lat' dir='ltr'>distinctu</span> <span class='ocrx_word' id='word_1_74' title='bbox 1100 1741 1215 1802; x_wconf 87' lang='lat' dir='ltr'>tenent</span> <span class='ocrx_word' id='word_1_75' title='bbox 1237 1741 1387 1823; x_wconf 87' lang='lat' dir='ltr'>tempora</span> <span class='ocrx_word' id='word_1_76' title='bbox 1410 1757 1559 1823; x_wconf 90' lang='lat' dir='ltr'>quaeque</span> <span class='ocrx_word' id='word_1_77' title='bbox 1583 1757 1653 1804; x_wconf 90' lang='lat' dir='ltr'>sua.</span> 
     </span>
     <span class='ocr_line' id='line_1_14' title="bbox 794 1837 1660 1927; baseline 0 -22"><span class='ocrx_word' id='word_1_78' title='bbox 794 1837 953 1926; x_wconf 90' lang='lat' dir='ltr'>numquid</span> <span class='ocrx_word' id='word_1_79' title='bbox 975 1838 1158 1906; x_wconf 91' lang='lat' dir='ltr'>adultorum</span> <span class='ocrx_word' id='word_1_80' title='bbox 1183 1839 1338 1926; x_wconf 89' lang='lat' dir='ltr'>strepitus</span> <span class='ocrx_word' id='word_1_81' title='bbox 1361 1839 1498 1906; x_wconf 81' lang='lat' dir='ltr'>infantia</span> <span class='ocrx_word' id='word_1_82' title='bbox 1521 1840 1660 1927; x_wconf 81' lang='lat' dir='ltr'>simplex</span> 
     </span>
     <span class='ocr_line' id='line_1_15' title="bbox 840 1943 1671 2031; baseline -0.001 -23"><span class='ocrx_word' id='word_1_83' title='bbox 840 1943 983 2010; x_wconf 84' lang='lat' dir='ltr'>vindicat</span> <span class='ocrx_word' id='word_1_84' title='bbox 1006 1949 1062 2010; x_wconf 89' lang='lat' dir='ltr'>aut</span> <span class='ocrx_word' id='word_1_85' title='bbox 1083 1943 1232 2010; x_wconf 84' lang='lat' dir='ltr'>fremitus</span> <span class='ocrx_word' id='word_1_86' title='bbox 1255 1945 1349 2031; x_wconf 85' lang='lat' dir='ltr'>pigra</span> <span class='ocrx_word' id='word_1_87' title='bbox 1372 1950 1526 2010; x_wconf 87' lang='lat' dir='ltr'>senectus</span> <span class='ocrx_word' id='word_1_88' title='bbox 1549 1944 1671 2012; x_wconf 82' lang='lat' dir='ltr'>habet?</span> 
     </span>
     <span class='ocr_line' id='line_1_16' title="bbox 725 2046 1638 2136; baseline -0.007 -16"><span class='ocrx_word' id='word_1_89' title='bbox 725 2064 777 2119; x_wconf 85' lang='grc'>225</span> <span class='ocrx_word' id='word_1_90' title='bbox 795 2067 860 2113; x_wconf 93' lang='lat' dir='ltr'>non</span> <span class='ocrx_word' id='word_1_91' title='bbox 882 2046 1062 2114; x_wconf 78' lang='lat' dir='ltr'>catulaster</span> <span class='ocrx_word' id='word_1_92' title='bbox 1083 2049 1152 2135; x_wconf 86' lang='lat' dir='ltr'>agit</span> <span class='ocrx_word' id='word_1_93' title='bbox 1174 2048 1323 2136; x_wconf 89' lang='lat' dir='ltr'>puerilia,</span> <span class='ocrx_word' id='word_1_94' title='bbox 1346 2069 1411 2114; x_wconf 90' lang='lat' dir='ltr'>non</span> <span class='ocrx_word' id='word_1_95' title='bbox 1433 2069 1516 2135; x_wconf 88' lang='lat' dir='ltr'>puer</span> <span class='ocrx_word' id='word_1_96' title='bbox 1538 2047 1638 2115; x_wconf 90' lang='lat' dir='ltr'>audet</span> 
     </span>
     <span class='ocr_line' id='line_1_17' title="bbox 838 2151 1489 2230; baseline 0.003 -14"><span class='ocrx_word' id='word_1_97' title='bbox 838 2157 1012 2218; x_wconf 86' lang='lat' dir='ltr'>attrectare</span> <span class='ocrx_word' id='word_1_98' title='bbox 1034 2157 1129 2218; x_wconf 90' lang='lat' dir='ltr'>tener</span> <span class='ocrx_word' id='word_1_99' title='bbox 1151 2151 1271 2230; x_wconf 80' lang='lat' dir='ltr'>Mentis</span> <span class='ocrx_word' id='word_1_100' title='bbox 1293 2151 1360 2218; x_wconf 88' lang='lat' dir='ltr'>tela</span> <span class='ocrx_word' id='word_1_101' title='bbox 1381 2173 1489 2218; x_wconf 87' lang='lat' dir='ltr'>mann.</span> 
     </span>
     <span class='ocr_line' id='line_1_18' title="bbox 794 2255 1700 2344; baseline 0.003 -24"><span class='ocrx_word' id='word_1_102' title='bbox 794 2277 859 2321; x_wconf 92' lang='lat' dir='ltr'>non</span> <span class='ocrx_word' id='word_1_103' title='bbox 883 2255 962 2321; x_wconf 86' lang='lat' dir='ltr'>furit</span> <span class='ocrx_word' id='word_1_104' title='bbox 983 2257 1017 2320; x_wconf 93' lang='lat' dir='ltr'>in</span> <span class='ocrx_word' id='word_1_105' title='bbox 1039 2276 1194 2323; x_wconf 85' lang='lat' dir='ltr'>venerem</span> <span class='ocrx_word' id='word_1_106' title='bbox 1217 2255 1360 2322; x_wconf 91' lang='lat' dir='ltr'>nondum</span> <span class='ocrx_word' id='word_1_107' title='bbox 1383 2257 1582 2344; x_wconf 91' lang='lat' dir='ltr'>pubentibus</span> <span class='ocrx_word' id='word_1_108' title='bbox 1606 2258 1700 2324; x_wconf 91' lang='lat' dir='ltr'>annis</span> 
     </span>
     <span class='ocr_line' id='line_1_19' title="bbox 839 2361 1633 2447; baseline 0 -21"><span class='ocrx_word' id='word_1_109' title='bbox 839 2381 901 2426; x_wconf 88' lang='lat' dir='ltr'>nec</span> <span class='ocrx_word' id='word_1_110' title='bbox 925 2361 986 2426; x_wconf 90' lang='lat' dir='ltr'>sub</span> <span class='ocrx_word' id='word_1_111' title='bbox 1009 2361 1088 2426; x_wconf 89' lang='lat' dir='ltr'>flore</span> <span class='ocrx_word' id='word_1_112' title='bbox 1111 2381 1215 2447; x_wconf 85' lang='lat' dir='ltr'>genus</span> <span class='ocrx_word' id='word_1_113' title='bbox 1239 2361 1401 2427; x_wconf 90' lang='lat' dir='ltr'>marcidus</span> <span class='ocrx_word' id='word_1_114' title='bbox 1424 2367 1475 2428; x_wconf 88' lang='lat' dir='ltr'>est</span> <span class='ocrx_word' id='word_1_115' title='bbox 1496 2361 1633 2446; x_wconf 85' lang='lat' dir='ltr'>iuvenis,</span> 
     </span>
     <span class='ocr_line' id='line_1_20' title="bbox 794 2465 1689 2552; baseline 0.001 -21"><span class='ocrx_word' id='word_1_116' title='bbox 794 2472 941 2531; x_wconf 89' lang='lat' dir='ltr'>maturus</span> <span class='ocrx_word' id='word_1_117' title='bbox 965 2471 1094 2550; x_wconf 86' lang='lat' dir='ltr'>tractet,</span> <span class='ocrx_word' id='word_1_118' title='bbox 1117 2465 1219 2552; x_wconf 86' lang='lat' dir='ltr'>gemit</span> <span class='ocrx_word' id='word_1_119' title='bbox 1242 2472 1275 2531; x_wconf 91' lang='lat' dir='ltr'>et</span> <span class='ocrx_word' id='word_1_120' title='bbox 1297 2465 1514 2533; x_wconf 88' lang='lat' dir='ltr'>tremebunda</span> <span class='ocrx_word' id='word_1_121' title='bbox 1536 2473 1689 2534; x_wconf 87' lang='lat' dir='ltr'>senectus</span> 
     </span>
     <span class='ocr_line' id='line_1_21' title="bbox 725 2570 1479 2659; baseline 0.003 -24"><span class='ocrx_word' id='word_1_122' title='bbox 725 2585 779 2644; x_wconf 79' lang='lat'>230</span> <span class='ocrx_word' id='word_1_123' title='bbox 838 2571 950 2636; x_wconf 85' lang='lat' dir='ltr'>nescia</span> <span class='ocrx_word' id='word_1_124' title='bbox 972 2570 1108 2636; x_wconf 84' lang='lat' dir='ltr'>fervoris</span> <span class='ocrx_word' id='word_1_125' title='bbox 1132 2570 1185 2636; x_wconf 80' lang='lat' dir='ltr'>vel</span> <span class='ocrx_word' id='word_1_126' title='bbox 1208 2571 1351 2636; x_wconf 84' lang='lat' dir='ltr'>levitatis</span> <span class='ocrx_word' id='word_1_127' title='bbox 1374 2571 1479 2659; x_wconf 90' lang='lat' dir='ltr'>inops.</span> 
     </span>
     <span class='ocr_line' id='line_1_22' title="bbox 795 2674 1700 2760; baseline 0.002 -20"><span class='ocrx_word' id='word_1_128' title='bbox 795 2674 951 2760; x_wconf 90' lang='lat' dir='ltr'>numquid</span> <span class='ocrx_word' id='word_1_129' title='bbox 973 2695 1051 2740; x_wconf 88' lang='lat' dir='ltr'>mox</span> <span class='ocrx_word' id='word_1_130' title='bbox 1073 2680 1168 2740; x_wconf 87' lang='lat' dir='ltr'>natas</span> <span class='ocrx_word' id='word_1_131' title='bbox 1191 2681 1322 2760; x_wconf 81' lang='lat' dir='ltr'>segetes</span> <span class='ocrx_word' id='word_1_132' title='bbox 1344 2676 1432 2740; x_wconf 84' lang='lat' dir='ltr'>viror</span> <span class='ocrx_word' id='word_1_133' title='bbox 1454 2682 1559 2742; x_wconf 86' lang='lat' dir='ltr'>armat</span> <span class='ocrx_word' id='word_1_134' title='bbox 1581 2676 1700 2758; x_wconf 84' lang='lat' dir='ltr'>aristis,</span> 
     </span>
     <span class='ocr_line' id='line_1_23' title="bbox 838 2778 1602 2864; baseline 0.003 -22"><span class='ocrx_word' id='word_1_135' title='bbox 838 2778 973 2844; x_wconf 90' lang='lat' dir='ltr'>floribus</span> <span class='ocrx_word' id='word_1_136' title='bbox 997 2785 1054 2844; x_wconf 89' lang='lat' dir='ltr'>ant</span> <span class='ocrx_word' id='word_1_137' title='bbox 1076 2779 1196 2864; x_wconf 90' lang='lat' dir='ltr'>genitis</span> <span class='ocrx_word' id='word_1_138' title='bbox 1218 2779 1342 2844; x_wconf 86' lang='lat' dir='ltr'>fructus</span> <span class='ocrx_word' id='word_1_139' title='bbox 1365 2779 1452 2846; x_wconf 91' lang='lat' dir='ltr'>inest</span> <span class='ocrx_word' id='word_1_140' title='bbox 1475 2780 1602 2846; x_wconf 82' lang='lat' dir='ltr'>subito?</span> 
     </span>
     <span class='ocr_line' id='line_1_24' title="bbox 795 2883 1635 2972; baseline 0.001 -22"><span class='ocrx_word' id='word_1_141' title='bbox 795 2885 943 2950; x_wconf 83' lang='lat' dir='ltr'>novimus</span> <span class='ocrx_word' id='word_1_142' title='bbox 966 2890 1056 2948; x_wconf 83' lang='lat' dir='ltr'>astra</span> <span class='ocrx_word' id='word_1_143' title='bbox 1078 2884 1146 2971; x_wconf 91' lang='lat' dir='ltr'>poli</span> <span class='ocrx_word' id='word_1_144' title='bbox 1169 2883 1336 2950; x_wconf 87' lang='lat' dir='ltr'>confectos</span> <span class='ocrx_word' id='word_1_145' title='bbox 1360 2884 1497 2972; x_wconf 88' lang='lat' dir='ltr'>perdere</span> <span class='ocrx_word' id='word_1_146' title='bbox 1521 2907 1635 2951; x_wconf 87' lang='lat' dir='ltr'>aursus</span> 
     </span>
     <span class='ocr_line' id='line_1_25' title="bbox 839 2988 1560 3074; baseline 0.006 -22"><span class='ocrx_word' id='word_1_147' title='bbox 839 2994 1085 3074; x_wconf 86' lang='lat' dir='ltr'>transactasque</span> <span class='ocrx_word' id='word_1_148' title='bbox 1109 2988 1204 3052; x_wconf 91' lang='lat' dir='ltr'>simul</span> <span class='ocrx_word' id='word_1_149' title='bbox 1227 2988 1272 3052; x_wconf 86' lang='lat' dir='ltr'>sic</span> <span class='ocrx_word' id='word_1_150' title='bbox 1296 2989 1455 3074; x_wconf 88' lang='lat' dir='ltr'>repetisse</span> <span class='ocrx_word' id='word_1_151' title='bbox 1479 2989 1560 3057; x_wconf 83' lang='lat' dir='ltr'>vias.</span> 
     </span>
     <span class='ocr_line' id='line_1_26' title="bbox 726 3091 1588 3179; baseline -0.003 -16"><span class='ocrx_word' id='word_1_152' title='bbox 726 3108 778 3163; x_wconf 83' lang='lat'>235</span> <span class='ocrx_word' id='word_1_153' title='bbox 796 3097 945 3179; x_wconf 82' lang='lat' dir='ltr'>tempore</span> <span class='ocrx_word' id='word_1_154' title='bbox 968 3091 1046 3158; x_wconf 88' lang='lat' dir='ltr'>luna</span> <span class='ocrx_word' id='word_1_155' title='bbox 1069 3113 1128 3158; x_wconf 89' lang='lat' dir='ltr'>suo</span> <span class='ocrx_word' id='word_1_156' title='bbox 1152 3093 1270 3158; x_wconf 88' lang='lat' dir='ltr'>crescit</span> <span class='ocrx_word' id='word_1_157' title='bbox 1293 3093 1345 3158; x_wconf 87' lang='lat' dir='ltr'>vel</span> <span class='ocrx_word' id='word_1_158' title='bbox 1368 3091 1477 3158; x_wconf 86' lang='lat' dir='ltr'>deficit</span> <span class='ocrx_word' id='word_1_159' title='bbox 1499 3094 1588 3176; x_wconf 88' lang='lat' dir='ltr'>orbe,</span> 
     </span>
     <span class='ocr_line' id='line_1_27' title="bbox 841 3196 1577 3284; baseline 0.004 -23"><span class='ocrx_word' id='word_1_160' title='bbox 841 3197 935 3262; x_wconf 89' lang='lat' dir='ltr'>cuins</span> <span class='ocrx_word' id='word_1_161' title='bbox 958 3197 1000 3262; x_wconf 86' lang='lat' dir='ltr'>ad</span> <span class='ocrx_word' id='word_1_162' title='bbox 1024 3202 1167 3262; x_wconf 80' lang='lat' dir='ltr'>aetatem</span> <span class='ocrx_word' id='word_1_163' title='bbox 1189 3196 1331 3282; x_wconf 88' lang='lat' dir='ltr'>plurima</span> <span class='ocrx_word' id='word_1_164' title='bbox 1352 3197 1428 3284; x_wconf 91' lang='lat' dir='ltr'>lege</span> <span class='ocrx_word' id='word_1_165' title='bbox 1451 3204 1577 3266; x_wconf 87' lang='lat' dir='ltr'>notant.</span> 
     </span>
     <span class='ocr_line' id='line_1_28' title="bbox 797 3300 1668 3384; baseline -0.001 -17"><span class='ocrx_word' id='word_1_166' title='bbox 797 3323 874 3367; x_wconf 91' lang='lat' dir='ltr'>nam</span> <span class='ocrx_word' id='word_1_167' title='bbox 896 3301 974 3366; x_wconf 89' lang='lat' dir='ltr'>luna</span> <span class='ocrx_word' id='word_1_168' title='bbox 997 3305 1167 3366; x_wconf 86' lang='lat' dir='ltr'>crescente</span> <span class='ocrx_word' id='word_1_169' title='bbox 1191 3300 1310 3366; x_wconf 89' lang='lat' dir='ltr'>fretum</span> <span class='ocrx_word' id='word_1_170' title='bbox 1334 3309 1500 3368; x_wconf 90' lang='lat' dir='ltr'>crementa</span> <span class='ocrx_word' id='word_1_171' title='bbox 1522 3302 1668 3384; x_wconf 87' lang='lat' dir='ltr'>resumit,</span> 
     </span>
     <span class='ocr_line' id='line_1_29' title="bbox 840 3403 1642 3491; baseline 0.004 -21"><span class='ocrx_word' id='word_1_172' title='bbox 840 3427 905 3491; x_wconf 87' lang='lat' dir='ltr'>qua</span> <span class='ocrx_word' id='word_1_173' title='bbox 926 3405 1095 3470; x_wconf 89' lang='lat' dir='ltr'>minuente</span> <span class='ocrx_word' id='word_1_174' title='bbox 1118 3403 1202 3491; x_wconf 90' lang='lat' dir='ltr'>polis</span> <span class='ocrx_word' id='word_1_175' title='bbox 1226 3410 1277 3470; x_wconf 90' lang='lat' dir='ltr'>est</span> <span class='ocrx_word' id='word_1_176' title='bbox 1298 3406 1403 3471; x_wconf 90' lang='lat' dir='ltr'>minor</span> <span class='ocrx_word' id='word_1_177' title='bbox 1423 3407 1511 3472; x_wconf 90' lang='lat' dir='ltr'>unda</span> <span class='ocrx_word' id='word_1_178' title='bbox 1533 3408 1642 3474; x_wconf 89' lang='lat' dir='ltr'>maris.</span> 
     </span>
     <span class='ocr_line' id='line_1_30' title="bbox 797 3507 1713 3597; baseline 0.001 -22"><span class='ocrx_word' id='word_1_179' title='bbox 797 3509 938 3597; x_wconf 80' lang='lat' dir='ltr'>Cynthia</span> <span class='ocrx_word' id='word_1_180' title='bbox 960 3508 1035 3574; x_wconf 89' lang='lat' dir='ltr'>dnm</span> <span class='ocrx_word' id='word_1_181' title='bbox 1059 3508 1187 3589; x_wconf 85' lang='lat' dir='ltr'>crescit,</span> <span class='ocrx_word' id='word_1_182' title='bbox 1210 3507 1316 3574; x_wconf 85' lang='lat' dir='ltr'>fontes</span> <span class='ocrx_word' id='word_1_183' title='bbox 1340 3515 1374 3575; x_wconf 91' lang='lat' dir='ltr'>et</span> <span class='ocrx_word' id='word_1_184' title='bbox 1395 3511 1528 3576; x_wconf 88' lang='lat' dir='ltr'>flumina</span> <span class='ocrx_word' id='word_1_185' title='bbox 1551 3517 1713 3595; x_wconf 89' lang='lat' dir='ltr'>crescunt,</span> 
     </span>
     <span class='ocr_line' id='line_1_31' title="bbox 727 3612 1654 3700; baseline 0.003 -22"><span class='ocrx_word' id='word_1_186' title='bbox 727 3633 779 3690; x_wconf 78' lang='lat'>240</span> <span class='ocrx_word' id='word_1_187' title='bbox 839 3614 922 3680; x_wconf 89' lang='lat' dir='ltr'>haee</span> <span class='ocrx_word' id='word_1_188' title='bbox 946 3612 1061 3679; x_wconf 90' lang='lat' dir='ltr'>eadem</span> <span class='ocrx_word' id='word_1_189' title='bbox 1084 3613 1242 3696; x_wconf 88' lang='lat' dir='ltr'>minuunt,</span> <span class='ocrx_word' id='word_1_190' title='bbox 1267 3612 1408 3700; x_wconf 85' lang='lat' dir='ltr'>Oyntbie</span> <span class='ocrx_word' id='word_1_191' title='bbox 1430 3614 1506 3680; x_wconf 90' lang='lat' dir='ltr'>dum</span> <span class='ocrx_word' id='word_1_192' title='bbox 1529 3616 1654 3682; x_wconf 90' lang='lat' dir='ltr'>minuit.</span> 
     </span>
     <span class='ocr_line' id='line_1_32' title="bbox 797 3718 1617 3807; baseline 0.002 -23"><span class='ocrx_word' id='word_1_193' title='bbox 797 3720 870 3807; x_wconf 87' lang='lat' dir='ltr'>ipss</span> <span class='ocrx_word' id='word_1_194' title='bbox 893 3718 1038 3784; x_wconf 87' lang='lat' dir='ltr'>medulla</span> <span class='ocrx_word' id='word_1_195' title='bbox 1060 3718 1167 3784; x_wconf 86' lang='lat' dir='ltr'>latens</span> <span class='ocrx_word' id='word_1_196' title='bbox 1190 3718 1344 3784; x_wconf 86' lang='lat' dir='ltr'>observat</span> <span class='ocrx_word' id='word_1_197' title='bbox 1366 3741 1488 3786; x_wconf 87' lang='lat' dir='ltr'>cornua</span> <span class='ocrx_word' id='word_1_198' title='bbox 1509 3721 1617 3804; x_wconf 87' lang='lat' dir='ltr'>lunae,</span> 
     </span>
     <span class='ocr_line' id='line_1_33' title="bbox 842 3823 1557 3911; baseline 0.001 -22"><span class='ocrx_word' id='word_1_199' title='bbox 842 3823 1020 3889; x_wconf 85' lang='lat' dir='ltr'>observant</span> <span class='ocrx_word' id='word_1_200' title='bbox 1041 3823 1138 3890; x_wconf 89' lang='lat' dir='ltr'>lunae</span> <span class='ocrx_word' id='word_1_201' title='bbox 1161 3827 1251 3889; x_wconf 89' lang='lat' dir='ltr'>tecta</span> <span class='ocrx_word' id='word_1_202' title='bbox 1273 3824 1408 3890; x_wconf 85' lang='lat' dir='ltr'>cerebra</span> <span class='ocrx_word' id='word_1_203' title='bbox 1431 3825 1557 3911; x_wconf 88' lang='lat' dir='ltr'>globos.</span> 
     </span>
     <span class='ocr_line' id='line_1_34' title="bbox 799 3926 1615 3995; baseline 0 0"><span class='ocrx_word' id='word_1_204' title='bbox 799 3929 847 3995; x_wconf 91' lang='lat' dir='ltr'>sol</span> <span class='ocrx_word' id='word_1_205' title='bbox 870 3929 983 3994; x_wconf 89' lang='lat' dir='ltr'>oculus</span> <span class='ocrx_word' id='word_1_206' title='bbox 1007 3928 1089 3993; x_wconf 91' lang='lat' dir='ltr'>caeli</span> <span class='ocrx_word' id='word_1_207' title='bbox 1113 3926 1243 3994; x_wconf 88' lang='lat' dir='ltr'>radians</span> <span class='ocrx_word' id='word_1_208' title='bbox 1267 3927 1413 3994; x_wconf 84' lang='lat' dir='ltr'>fuscatur</span> <span class='ocrx_word' id='word_1_209' title='bbox 1436 3928 1476 3994; x_wconf 89' lang='lat' dir='ltr'>ab</span> <span class='ocrx_word' id='word_1_210' title='bbox 1499 3929 1615 3995; x_wconf 85' lang='lat' dir='ltr'>umbra</span> 
     </span>
     <span class='ocr_line' id='line_1_35' title="bbox 843 4030 1644 4122; baseline 0.001 -24"><span class='ocrx_word' id='word_1_211' title='bbox 843 4039 1009 4099; x_wconf 87' lang='lat' dir='ltr'>ettamen</span> <span class='ocrx_word' id='word_1_212' title='bbox 1033 4030 1073 4096; x_wconf 86' lang='lat' dir='ltr'>ad</span> <span class='ocrx_word' id='word_1_213' title='bbox 1097 4032 1209 4098; x_wconf 88' lang='lat' dir='ltr'>solitas</span> <span class='ocrx_word' id='word_1_214' title='bbox 1233 4033 1323 4120; x_wconf 91' lang='lat' dir='ltr'>itque</span> <span class='ocrx_word' id='word_1_215' title='bbox 1346 4033 1494 4121; x_wconf 89' lang='lat' dir='ltr'>reditque</span> <span class='ocrx_word' id='word_1_216' title='bbox 1517 4036 1644 4122; x_wconf 87' lang='lat' dir='ltr'>plagas,</span> 
     </span>
     <span class='ocr_line' id='line_1_36' title="bbox 729 4135 1602 4225; baseline -0.001 -20"><span class='ocrx_word' id='word_1_217' title='bbox 729 4157 780 4214; x_wconf 78' lang='lat'>245</span> <span class='ocrx_word' id='word_1_218' title='bbox 799 4159 837 4206; x_wconf 83' lang='lat' dir='ltr'>ac</span> <span class='ocrx_word' id='word_1_219' title='bbox 861 4139 976 4224; x_wconf 89' lang='lat' dir='ltr'>recipit</span> <span class='ocrx_word' id='word_1_220' title='bbox 998 4135 1098 4202; x_wconf 84' lang='lat' dir='ltr'>facies</span> <span class='ocrx_word' id='word_1_221' title='bbox 1121 4137 1247 4224; x_wconf 87' lang='lat' dir='ltr'>priscas</span> <span class='ocrx_word' id='word_1_222' title='bbox 1270 4139 1427 4225; x_wconf 87' lang='lat' dir='ltr'>lucesque</span> <span class='ocrx_word' id='word_1_223' title='bbox 1450 4139 1602 4204; x_wconf 88' lang='lat' dir='ltr'>resumit:</span> 
     </span>
     <span class='ocr_line' id='line_1_37' title="bbox 842 4241 1797 4329; baseline 0.004 -20"><span class='ocrx_word' id='word_1_224' title='bbox 842 4243 961 4309; x_wconf 90' lang='lat' dir='ltr'>damna</span> <span class='ocrx_word' id='word_1_225' title='bbox 975 4241 1029 4307; x_wconf 78' lang='lat' dir='ltr'>uel</span> <span class='ocrx_word' id='word_1_226' title='bbox 1052 4248 1264 4328; x_wconf 84' lang='lat' dir='ltr'>augmentum</span> <span class='ocrx_word' id='word_1_227' title='bbox 1286 4242 1366 4308; x_wconf 85' lang='lat' dir='ltr'>dant</span> <span class='ocrx_word' id='word_1_228' title='bbox 1389 4263 1473 4329; x_wconf 87' lang='lat' dir='ltr'>quae</span> <span class='ocrx_word' id='word_1_229' title='bbox 1490 4243 1653 4310; x_wconf 88' lang='lat' dir='ltr'>elementa</span> <span class='ocrx_word' id='word_1_230' title='bbox 1675 4243 1797 4313; x_wconf 83' lang='lat' dir='ltr'>ferunt.</span> 
     </span>
    </p>
   </div>
   <div class='ocr_carea' id='block_1_3' title="bbox 402 4504 2060 4922">
    <p class='ocr_par' dir='ltr' id='par_1_3' title="bbox 402 4504 2060 4922">
     <span class='ocr_line' id='line_1_38' title="bbox 508 4504 2058 4578; baseline -0.009 -7"><span class='ocrx_word' id='word_1_231' title='bbox 508 4517 561 4572; x_wconf 87' lang='grc'>213</span> <span class='ocrx_word' id='word_1_232' title='bbox 572 4513 734 4578; x_wconf 76' lang='lat' dir='ltr'>Consulitl&#39;,</span> <span class='ocrx_word' id='word_1_233' title='bbox 751 4519 817 4565; x_wconf 81' lang='lat' dir='ltr'>recte</span> <span class='ocrx_word' id='word_1_234' title='bbox 828 4509 895 4576; x_wconf 69' lang='grc'><strong>1229.</strong></span> <span class='ocrx_word' id='word_1_235' title='bbox 966 4504 1311 4571; x_wconf 62' lang='lat' dir='ltr'>mammaemammal)</span> <span class='ocrx_word' id='word_1_236' title='bbox 1328 4506 1355 4572; x_wconf 81' lang='lat' dir='ltr'>V,</span> <span class='ocrx_word' id='word_1_237' title='bbox 1373 4514 1439 4560; x_wconf 79' lang='lat' dir='ltr'>recta</span> <span class='ocrx_word' id='word_1_238' title='bbox 1452 4506 1518 4574; x_wconf 83' lang='grc' dir='ltr'><strong>Ειι9.</strong></span> <span class='ocrx_word' id='word_1_239' title='bbox 1587 4505 1639 4560; x_wconf 89' lang='grc'>218</span> <span class='ocrx_word' id='word_1_240' title='bbox 1651 4525 1716 4576; x_wconf 88' lang='lat' dir='ltr'>puer</span> <span class='ocrx_word' id='word_1_241' title='bbox 1727 4509 1809 4561; x_wconf 79' lang='lat' dir='ltr'>Dalm</span> <span class='ocrx_word' id='word_1_242' title='bbox 1879 4506 2058 4573; x_wconf 74' lang='lat' dir='ltr'>220tempcra</span> 
     </span>
     <span class='ocr_line' id='line_1_39' title="bbox 403 4591 2057 4670; baseline -0.011 -8"><span class='ocrx_word' id='word_1_243' title='bbox 403 4617 465 4662; x_wconf 86' lang='lat' dir='ltr'>sunt</span> <span class='ocrx_word' id='word_1_244' title='bbox 482 4607 560 4670; x_wconf 81' lang='lat' dir='ltr'>vitae,</span> <span class='ocrx_word' id='word_1_245' title='bbox 586 4612 647 4657; x_wconf 86' lang='lat' dir='ltr'>sunt</span> <span class='ocrx_word' id='word_1_246' title='bbox 672 4603 758 4654; x_wconf 82' lang='lat' dir='ltr'>tristia</span> <span class='ocrx_word' id='word_1_247' title='bbox 783 4607 899 4664; x_wconf 86' lang='lat' dir='ltr'>tempora</span> <span class='ocrx_word' id='word_1_248' title='bbox 916 4596 1004 4647; x_wconf 79' lang='lat' dir='ltr'>mortis</span> <span class='ocrx_word' id='word_1_249' title='bbox 1024 4592 1199 4646; x_wconf 81' lang='lat' dir='ltr'>Oclumbcrrus</span> <span class='ocrx_word' id='word_1_250' title='bbox 1301 4592 1353 4647; x_wconf 83' lang='grc'>225</span> <span class='ocrx_word' id='word_1_251' title='bbox 1371 4595 1429 4646; x_wconf 86' lang='lat' dir='ltr'>Non</span> <span class='ocrx_word' id='word_1_252' title='bbox 1447 4602 1590 4648; x_wconf 78' lang='lat' dir='ltr'>catusrster</span> <span class='ocrx_word' id='word_1_253' title='bbox 1606 4595 1651 4661; x_wconf 73' lang='lat' dir='ltr'>V1,</span> <span class='ocrx_word' id='word_1_254' title='bbox 1670 4597 1809 4648; x_wconf 77' lang='lat' dir='ltr'>catulaster</span> <span class='ocrx_word' id='word_1_255' title='bbox 1824 4595 1860 4646; x_wconf 70' lang='lat' dir='ltr'>V*</span> <span class='ocrx_word' id='word_1_256' title='bbox 1878 4595 1929 4646; x_wconf 78' lang='lat' dir='ltr'>rins</span> <span class='ocrx_word' id='word_1_257' title='bbox 1945 4595 2004 4659; x_wconf 80' lang='lat' dir='ltr'>ipsa</span> <span class='ocrx_word' id='word_1_258' title='bbox 2020 4591 2057 4643; x_wconf 87' lang='lat' dir='ltr'>V¹</span> 
     </span>
     <span class='ocr_line' id='line_1_40' title="bbox 402 4677 2059 4750; baseline -0.013 0"><span class='ocrx_word' id='word_1_259' title='bbox 402 4696 514 4750; x_wconf 72' lang='lat' dir='ltr'>corre-‘sit</span> <span class='ocrx_word' id='word_1_260' title='bbox 600 4687 652 4742; x_wconf 86' lang='grc'>233</span> <span class='ocrx_word' id='word_1_261' title='bbox 670 4705 730 4740; x_wconf 84' lang='lat' dir='ltr'>cuae</span> <span class='ocrx_word' id='word_1_262' title='bbox 747 4683 883 4738; x_wconf 76' lang='lat' dir='ltr'>substituas</span> <span class='ocrx_word' id='word_1_263' title='bbox 901 4698 1015 4748; x_wconf 86' lang='lat' dir='ltr'>pergere,</span> <span class='ocrx_word' id='word_1_264' title='bbox 1034 4681 1068 4746; x_wconf 85' lang='lat' dir='ltr'>cs.</span> <span class='ocrx_word' id='word_1_265' title='bbox 1081 4699 1103 4731; x_wconf 84' lang='lat' dir='ltr'>v.</span> <span class='ocrx_word' id='word_1_266' title='bbox 1118 4683 1173 4731; x_wconf 84' lang='lat'>250</span> <span class='ocrx_word' id='word_1_267' title='bbox 1258 4677 1310 4731; x_wconf 88' lang='grc'>236</span> <span class='ocrx_word' id='word_1_268' title='bbox 1328 4681 1409 4732; x_wconf 87' lang='lat' dir='ltr'>Cuius</span> <span class='ocrx_word' id='word_1_269' title='bbox 1427 4687 1452 4732; x_wconf 87' lang='lat' dir='ltr'>et</span> <span class='ocrx_word' id='word_1_270' title='bbox 1470 4679 1551 4731; x_wconf 84' lang='lat' dir='ltr'>Dadrr</span> <span class='ocrx_word' id='word_1_271' title='bbox 1619 4689 1707 4734; x_wconf 88' lang='lat' dir='ltr'>rotant</span> <span class='ocrx_word' id='word_1_272' title='bbox 1724 4681 1818 4746; x_wconf 82' lang='lat' dir='ltr'>Pcr&#39;per</span> <span class='ocrx_word' id='word_1_273' title='bbox 1905 4678 1956 4732; x_wconf 80' lang='grc'>237</span> <span class='ocrx_word' id='word_1_274' title='bbox 1978 4681 2059 4730; x_wconf 76' lang='lat' dir='ltr'>incre</span> 
     </span>
     <span class='ocr_line' id='line_1_41' title="bbox 404 4755 2060 4846; baseline -0.011 -12"><span class='ocrx_word' id='word_1_275' title='bbox 404 4790 490 4834; x_wconf 82' lang='lat' dir='ltr'>menta</span> <span class='ocrx_word' id='word_1_276' title='bbox 508 4779 575 4846; x_wconf 69' lang='lat' dir='ltr'>Eup.</span> <span class='ocrx_word' id='word_1_277' title='bbox 661 4770 713 4826; x_wconf 87' lang='grc'>239</span> <span class='ocrx_word' id='word_1_278' title='bbox 730 4764 876 4834; x_wconf 76' lang='lat' dir='ltr'>QuintiaV</span> <span class='ocrx_word' id='word_1_279' title='bbox 958 4762 1011 4817; x_wconf 79' lang='lat'>240</span> <span class='ocrx_word' id='word_1_280' title='bbox 1028 4755 1138 4818; x_wconf 68' lang='lat' dir='ltr'>tntis?</span> <span class='ocrx_word' id='word_1_281' title='bbox 1221 4764 1271 4818; x_wconf 82' lang='lat'>241</span> <span class='ocrx_word' id='word_1_282' title='bbox 1291 4768 1414 4819; x_wconf 82' lang='lat' dir='ltr'>obscurat</span> <span class='ocrx_word' id='word_1_283' title='bbox 1429 4766 1472 4832; x_wconf 76' lang='lat'>1⁷¹,</span> <span class='ocrx_word' id='word_1_284' title='bbox 1492 4767 1613 4819; x_wconf 87' lang='lat' dir='ltr'>cbsernat</span> <span class='ocrx_word' id='word_1_285' title='bbox 1626 4766 1664 4818; x_wconf 67' lang='lat'>1⁷²</span> <span class='ocrx_word' id='word_1_286' title='bbox 1750 4765 1802 4819; x_wconf 85' lang='grc'>242</span> <span class='ocrx_word' id='word_1_287' title='bbox 1819 4783 1927 4819; x_wconf 82' lang='lat' dir='ltr'>cerenrs</span> <span class='ocrx_word' id='word_1_288' title='bbox 1944 4783 2012 4818; x_wconf 75' lang='lat' dir='ltr'>corr.</span> <span class='ocrx_word' id='word_1_289' title='bbox 2030 4765 2060 4815; x_wconf 78' lang='lat' dir='ltr'>in</span> 
     </span>
     <span class='ocr_line' id='line_1_42' title="bbox 403 4851 2060 4922; baseline -0.012 -1"><span class='ocrx_word' id='word_1_290' title='bbox 403 4864 511 4922; x_wconf 85' lang='lat' dir='ltr'>·brcV¹</span> <span class='ocrx_word' id='word_1_291' title='bbox 581 4859 632 4915; x_wconf 87' lang='grc'>246</span> <span class='ocrx_word' id='word_1_292' title='bbox 644 4863 773 4914; x_wconf 82' lang='lat' dir='ltr'>damnans</span> <span class='ocrx_word' id='word_1_293' title='bbox 796 4851 912 4909; x_wconf 81' lang='lat' dir='ltr'>lamentd</span> <span class='ocrx_word' id='word_1_294' title='bbox 929 4853 957 4921; x_wconf 90' lang='lat' dir='ltr'>V,</span> <span class='ocrx_word' id='word_1_295' title='bbox 976 4871 1043 4906; x_wconf 84' lang='lat' dir='ltr'>corr.</span> <span class='ocrx_word' id='word_1_296' title='bbox 1057 4852 1171 4904; x_wconf 83' lang='lat' dir='ltr'>Arevalo</span> <span class='ocrx_word' id='word_1_297' title='bbox 1224 4853 1311 4918; x_wconf 81' lang='lat' dir='ltr'>dantq.</span> <span class='ocrx_word' id='word_1_298' title='bbox 1330 4853 1455 4906; x_wconf 83' lang='lat' dir='ltr'>elementa</span> <span class='ocrx_word' id='word_1_299' title='bbox 1472 4853 1500 4916; x_wconf 80' lang='lat' dir='ltr'>V,</span> <span class='ocrx_word' id='word_1_300' title='bbox 1518 4871 1585 4908; x_wconf 83' lang='lat' dir='ltr'>corr.</span> <span class='ocrx_word' id='word_1_301' title='bbox 1599 4853 1722 4916; x_wconf 77' lang='lat' dir='ltr'>Arecalo,</span> <span class='ocrx_word' id='word_1_302' title='bbox 1739 4854 1784 4920; x_wconf 80' lang='lat' dir='ltr'>qui</span> <span class='ocrx_word' id='word_1_303' title='bbox 1801 4863 1886 4907; x_wconf 80' lang='lat' dir='ltr'>tanrca</span> <span class='ocrx_word' id='word_1_304' title='bbox 1904 4853 1932 4904; x_wconf 80' lang='lat' dir='ltr'>ia</span> <span class='ocrx_word' id='word_1_305' title='bbox 1950 4852 2060 4904; x_wconf 78' lang='lat' dir='ltr'>editione</span> 
     </span>
    </p>
   </div>
   <div class='ocr_carea' id='block_1_4' title="bbox 402 4952 665 5016">
    <p class='ocr_par' dir='ltr' id='par_1_4' title="bbox 402 4952 665 5016">
     <span class='ocr_line' id='line_1_43' title="bbox 402 4952 665 5016; baseline -0.019 -10"><span class='ocrx_word' id='word_1_306' title='bbox 402 4955 496 5006; x_wconf 75' lang='lat' dir='ltr'>mutarit</span> <span class='ocrx_word' id='word_1_307' title='bbox 512 4952 597 5004; x_wconf 80' lang='lat' dir='ltr'>delere</span> <span class='ocrx_word' id='word_1_308' title='bbox 614 4965 665 5016; x_wconf 90' lang='lat' dir='ltr'>que</span> 
     </span>
    </p>
   </div>
   <div class='ocr_carea' id='block_1_5' title="bbox 405 5160 2062 5768">
    <p class='ocr_par' dir='ltr' id='par_1_5' title="bbox 405 5160 2060 5443">
     <span class='ocr_line' id='line_1_44' title="bbox 507 5160 2060 5242; baseline -0.01 -13"><span class='ocrx_word' id='word_1_309' title='bbox 507 5175 559 5230; x_wconf 89' lang='grc'>215</span> <span class='ocrx_word' id='word_1_310' title='bbox 571 5191 630 5242; x_wconf 89' lang='lat' dir='ltr'>sqq.</span> <span class='ocrx_word' id='word_1_311' title='bbox 649 5189 672 5228; x_wconf 85' lang='lat' dir='ltr'>v.</span> <span class='ocrx_word' id='word_1_312' title='bbox 684 5171 722 5226; x_wconf 80' lang='lat' dir='ltr'>ad</span> <span class='ocrx_word' id='word_1_313' title='bbox 738 5188 761 5226; x_wconf 82' lang='grc'>2.</span> <span class='ocrx_word' id='word_1_314' title='bbox 773 5171 826 5226; x_wconf 89' lang='grc'>265</span> <span class='ocrx_word' id='word_1_315' title='bbox 895 5170 946 5226; x_wconf 88' lang='grc'>219</span> <span class='ocrx_word' id='word_1_316' title='bbox 964 5185 986 5222; x_wconf 87' lang='grc'>2.</span> <span class='ocrx_word' id='word_1_317' title='bbox 1000 5167 1088 5224; x_wconf 69' lang='lat' dir='ltr'>teche.</span> <span class='ocrx_word' id='word_1_318' title='bbox 1102 5173 1153 5236; x_wconf 83' lang='lat'>3,1</span> <span class='ocrx_word' id='word_1_319' title='bbox 1171 5166 1264 5222; x_wconf 84' lang='lat' dir='ltr'>omniu</span> <span class='ocrx_word' id='word_1_320' title='bbox 1282 5169 1393 5237; x_wconf 86' lang='lat' dir='ltr'>tempus</span> <span class='ocrx_word' id='word_1_321' title='bbox 1410 5166 1517 5222; x_wconf 87' lang='lat' dir='ltr'>habent</span> <span class='ocrx_word' id='word_1_322' title='bbox 1535 5169 1564 5221; x_wconf 86' lang='lat' dir='ltr'>et</span> <span class='ocrx_word' id='word_1_323' title='bbox 1581 5164 1639 5220; x_wconf 90' lang='lat' dir='ltr'>suis</span> <span class='ocrx_word' id='word_1_324' title='bbox 1658 5162 1759 5235; x_wconf 83' lang='lat' dir='ltr'>spatiis</span> <span class='ocrx_word' id='word_1_325' title='bbox 1771 5165 1917 5219; x_wconf 85' lang='lat' dir='ltr'>transeunt</span> <span class='ocrx_word' id='word_1_326' title='bbox 1931 5160 2060 5215; x_wconf 77' lang='lat' dir='ltr'>universe</span> 
     </span>
     <span class='ocr_line' id='line_1_45' title="bbox 405 5263 2059 5346; baseline -0.011 -11"><span class='ocrx_word' id='word_1_327' title='bbox 405 5279 457 5335; x_wconf 86' lang='lat' dir='ltr'>sub</span> <span class='ocrx_word' id='word_1_328' title='bbox 480 5278 557 5334; x_wconf 88' lang='lat' dir='ltr'>caclo</span> <span class='ocrx_word' id='word_1_329' title='bbox 580 5281 604 5331; x_wconf 82' lang='lat' dir='ltr'>et</span> <span class='ocrx_word' id='word_1_330' title='bbox 627 5276 772 5346; x_wconf 69' lang='grc'><strong>2292222112,</strong></span> <span class='ocrx_word' id='word_1_331' title='bbox 790 5291 906 5345; x_wconf 82' lang='lat' dir='ltr'>qaorum</span> <span class='ocrx_word' id='word_1_332' title='bbox 923 5279 1027 5343; x_wconf 81' lang='lat' dir='ltr'>partem</span> <span class='ocrx_word' id='word_1_333' title='bbox 1044 5273 1088 5327; x_wconf 78' lang='lat' dir='ltr'>bic</span> <span class='ocrx_word' id='word_1_334' title='bbox 1102 5272 1202 5340; x_wconf 77' lang='lat' dir='ltr'>poetice</span> <span class='ocrx_word' id='word_1_335' title='bbox 1221 5275 1331 5326; x_wconf 77' lang='lat' dir='ltr'>enarrat</span> <span class='ocrx_word' id='word_1_336' title='bbox 1343 5271 1510 5326; x_wconf 78' lang='lat' dir='ltr'>Dracontius</span> <span class='ocrx_word' id='word_1_337' title='bbox 1579 5267 1841 5338; x_wconf 66' lang='lat' dir='ltr'>musquetum</span> <span class='ocrx_word' id='word_1_338' title='bbox 1911 5265 1960 5319; x_wconf 89' lang='grc'>221</span> <span class='ocrx_word' id='word_1_339' title='bbox 1982 5263 2059 5330; x_wconf 73' lang='lat' dir='ltr'>Eup.</span> 
     </span>
     <span class='ocr_line' id='line_1_46' title="bbox 409 5365 2060 5443; baseline -0.01 -6"><span class='ocrx_word' id='word_1_340' title='bbox 409 5383 464 5437; x_wconf 84' lang='lat' dir='ltr'>Tol.</span> <span class='ocrx_word' id='word_1_341' title='bbox 491 5387 602 5436; x_wconf 79' lang='lat' dir='ltr'>monost.</span> <span class='ocrx_word' id='word_1_342' title='bbox 623 5397 672 5436; x_wconf 80' lang='lat' dir='ltr'>rec.</span> <span class='ocrx_word' id='word_1_343' title='bbox 693 5388 727 5434; x_wconf 88' lang='grc'>27</span> <span class='ocrx_word' id='word_1_344' title='bbox 747 5397 795 5435; x_wconf 86' lang='lat' dir='ltr'>sex</span> <span class='ocrx_word' id='word_1_345' title='bbox 822 5383 887 5435; x_wconf 90' lang='lat' dir='ltr'>sunt</span> <span class='ocrx_word' id='word_1_346' title='bbox 909 5381 1018 5434; x_wconf 84' lang='lat' dir='ltr'>aetates</span> <span class='ocrx_word' id='word_1_347' title='bbox 1048 5375 1171 5432; x_wconf 89' lang='lat' dir='ltr'>hominis</span> <span class='ocrx_word' id='word_1_348' title='bbox 1275 5375 1327 5430; x_wconf 87' lang='grc'>223</span> <span class='ocrx_word' id='word_1_349' title='bbox 1356 5374 1429 5443; x_wconf 72' lang='lat' dir='ltr'>Eup.</span> <span class='ocrx_word' id='word_1_350' title='bbox 1456 5373 1510 5428; x_wconf 87' lang='lat' dir='ltr'>Tol.</span> <span class='ocrx_word' id='word_1_351' title='bbox 1531 5378 1641 5429; x_wconf 78' lang='lat' dir='ltr'>monost.</span> <span class='ocrx_word' id='word_1_352' title='bbox 1662 5387 1713 5428; x_wconf 77' lang='lat' dir='ltr'>rec.</span> <span class='ocrx_word' id='word_1_353' title='bbox 1734 5376 1770 5426; x_wconf 84' lang='grc'>28</span> <span class='ocrx_word' id='word_1_354' title='bbox 1793 5367 1917 5424; x_wconf 82' lang='lat' dir='ltr'>infantia</span> <span class='ocrx_word' id='word_1_355' title='bbox 1939 5365 2060 5436; x_wconf 85' lang='lat' dir='ltr'>simplex</span> 
     </span>
    </p>

    <p class='ocr_par' dir='ltr' id='par_1_6' title="bbox 406 5473 2062 5768">
     <span class='ocr_line' id='line_1_47' title="bbox 440 5473 2060 5560; baseline -0.014 -13"><span class='ocrx_word' id='word_1_356' title='bbox 440 5491 493 5546; x_wconf 81' lang='grc'>224</span> <span class='ocrx_word' id='word_1_357' title='bbox 510 5491 676 5546; x_wconf 74' lang='lat' dir='ltr'>Muaimtaa.</span> <span class='ocrx_word' id='word_1_358' title='bbox 689 5490 752 5559; x_wconf 83' lang='grc'><strong>2129.</strong></span> <span class='ocrx_word' id='word_1_359' title='bbox 765 5497 786 5559; x_wconf 83' lang='grc'>1,</span> <span class='ocrx_word' id='word_1_360' title='bbox 802 5495 851 5544; x_wconf 80' lang='grc'>246</span> <span class='ocrx_word' id='word_1_361' title='bbox 868 5485 990 5560; x_wconf 85' lang='lat' dir='ltr'>gemitus</span> <span class='ocrx_word' id='word_1_362' title='bbox 1007 5502 1093 5556; x_wconf 85' lang='lat' dir='ltr'>aegra</span> <span class='ocrx_word' id='word_1_363' title='bbox 1105 5485 1234 5540; x_wconf 89' lang='lat' dir='ltr'>senectus</span> <span class='ocrx_word' id='word_1_364' title='bbox 1251 5479 1338 5536; x_wconf 84' lang='lat' dir='ltr'>habet</span> <span class='ocrx_word' id='word_1_365' title='bbox 1424 5481 1475 5535; x_wconf 87' lang='grc'>226</span> <span class='ocrx_word' id='word_1_366' title='bbox 1492 5479 1525 5546; x_wconf 82' lang='lat' dir='ltr'>cf.</span> <span class='ocrx_word' id='word_1_367' title='bbox 1538 5478 1600 5535; x_wconf 81' lang='lat' dir='ltr'>Sca.</span> <span class='ocrx_word' id='word_1_368' title='bbox 1617 5477 1715 5534; x_wconf 84' lang='lat' dir='ltr'>Troad.</span> <span class='ocrx_word' id='word_1_369' title='bbox 1731 5483 1778 5531; x_wconf 78' lang='lat'>775</span> <span class='ocrx_word' id='word_1_370' title='bbox 1796 5491 1851 5529; x_wconf 89' lang='lat' dir='ltr'>non</span> <span class='ocrx_word' id='word_1_371' title='bbox 1865 5488 1943 5527; x_wconf 88' lang='lat' dir='ltr'>arma</span> <span class='ocrx_word' id='word_1_372' title='bbox 1960 5473 2060 5525; x_wconf 85' lang='lat' dir='ltr'>tenera</span> 
     </span>
     <span class='ocr_line' id='line_1_48' title="bbox 406 5577 2060 5667; baseline -0.015 -14"><span class='ocrx_word' id='word_1_373' title='bbox 406 5611 495 5667; x_wconf 78' lang='lat' dir='ltr'>parva</span> <span class='ocrx_word' id='word_1_374' title='bbox 512 5594 648 5650; x_wconf 80' lang='lat' dir='ltr'>tractabis</span> <span class='ocrx_word' id='word_1_375' title='bbox 666 5611 752 5649; x_wconf 80' lang='lat' dir='ltr'>manu</span> <span class='ocrx_word' id='word_1_376' title='bbox 838 5593 889 5649; x_wconf 85' lang='grc'>229</span> <span class='ocrx_word' id='word_1_377' title='bbox 910 5590 1064 5646; x_wconf 81' lang='lat' dir='ltr'>Columbaa.</span> <span class='ocrx_word' id='word_1_378' title='bbox 1082 5589 1154 5660; x_wconf 75' lang='lat' dir='ltr'>epist.</span> <span class='ocrx_word' id='word_1_379' title='bbox 1174 5588 1212 5642; x_wconf 80' lang='lat' dir='ltr'>ad</span> <span class='ocrx_word' id='word_1_380' title='bbox 1228 5585 1295 5642; x_wconf 72' lang='lat' dir='ltr'>sat.</span> <span class='ocrx_word' id='word_1_381' title='bbox 1314 5593 1344 5641; x_wconf 83' lang='lat'>16</span> <span class='ocrx_word' id='word_1_382' title='bbox 1362 5583 1545 5641; x_wconf 86' lang='lat' dir='ltr'>tremebunda</span> <span class='ocrx_word' id='word_1_383' title='bbox 1562 5587 1690 5640; x_wconf 89' lang='lat' dir='ltr'>senectus</span> <span class='ocrx_word' id='word_1_384' title='bbox 1777 5579 1829 5636; x_wconf 87' lang='grc'>233</span> <span class='ocrx_word' id='word_1_385' title='bbox 1847 5577 1932 5632; x_wconf 72' lang='lat' dir='ltr'>ecda.</span> <span class='ocrx_word' id='word_1_386' title='bbox 1945 5581 2060 5644; x_wconf 64' lang='lat' dir='ltr'>seqq.</span> 
     </span>
     <span class='ocr_line' id='line_1_49' title="bbox 441 5677 2062 5768; baseline -0.014 -11"><span class='ocrx_word' id='word_1_387' title='bbox 441 5700 493 5757; x_wconf 84' lang='grc'>235</span> <span class='ocrx_word' id='word_1_388' title='bbox 511 5708 534 5768; x_wconf 85' lang='grc'>1,</span> <span class='ocrx_word' id='word_1_389' title='bbox 548 5704 645 5756; x_wconf 78' lang='grc'><strong>733-7</strong></span> <span class='ocrx_word' id='word_1_390' title='bbox 712 5699 764 5755; x_wconf 85' lang='grc'>236</span> <span class='ocrx_word' id='word_1_391' title='bbox 782 5701 864 5755; x_wconf 77' lang='lat' dir='ltr'>lanae</span> <span class='ocrx_word' id='word_1_392' title='bbox 881 5695 1028 5752; x_wconf 69' lang='lat' dir='ltr'>eandum</span> <span class='ocrx_word' id='word_1_393' title='bbox 1045 5699 1159 5750; x_wconf 78' lang='lat' dir='ltr'>aetatem</span> <span class='ocrx_word' id='word_1_394' title='bbox 1174 5693 1296 5764; x_wconf 65' lang='lat' dir='ltr'>pluruma</span> <span class='ocrx_word' id='word_1_395' title='bbox 1315 5691 1373 5762; x_wconf 76' lang='lat' dir='ltr'>rupi</span> <span class='ocrx_word' id='word_1_396' title='bbox 1390 5691 1480 5760; x_wconf 79' lang='lat' dir='ltr'>sicque</span> <span class='ocrx_word' id='word_1_397' title='bbox 1498 5690 1552 5760; x_wconf 84' lang='grc'><strong>1292</strong></span> <span class='ocrx_word' id='word_1_398' title='bbox 1569 5688 1630 5758; x_wconf 72' lang='lat' dir='ltr'>fiers&#39;</span> <span class='ocrx_word' id='word_1_399' title='bbox 1647 5695 1678 5744; x_wconf 82' lang='lat' dir='ltr'>ut</span> <span class='ocrx_word' id='word_1_400' title='bbox 1694 5688 1768 5758; x_wconf 66' lang='lat' dir='ltr'>fluat</span> <span class='ocrx_word' id='word_1_401' title='bbox 1787 5684 1923 5740; x_wconf 75' lang='lat' dir='ltr'>adnatant</span> <span class='ocrx_word' id='word_1_402' title='bbox 1940 5677 2062 5734; x_wconf 77' lang='lat' dir='ltr'>homines</span> 
     </span>
    </p>
   </div>
   <div class='ocr_carea' id='block_1_6' title="bbox 0 0 2295 6388">
    <p class='ocr_par' dir='ltr' id='par_1_7' title="bbox 0 0 2295 6388">
     <span class='ocr_line' id='line_1_50' title="bbox 0 0 2295 6388; baseline 0 0"><span class='ocrx_word' id='word_1_403' title='bbox 0 0 2295 6388; x_wconf 95' lang='lat' dir='ltr'> </span> 
     </span>
    </p>
   </div>
  </div>
 </body>
</html>
