4554 6396
927 385 1131 445 DRAOONTII
1165 387 1214 444 DE
1233 385 1416 444 LAVDIBVS
1433 387 1495 444 DEI
1530 387 1543 442 I

817 585 926 652 poena
949 565 1031 631 mori
1055 565 1197 632 crudelis
1220 569 1301 650 erat,
1325 563 1385 632 sed
1406 566 1519 632 vivere
1542 565 1647 652 peius.

819 670 887 736 otia
910 668 1045 736 delicias
1068 670 1210 758 perdunt
1232 669 1426 758 discuntque
1449 670 1590 752 labores,

822 774 877 860 qui
901 774 1025 841 cultore
1049 774 1110 841 deo
1134 774 1259 841 fructus
1282 776 1409 842 telluris
1431 773 1609 842 habebant.

818 875 995 965 agricolam
1018 877 1183 945 dominum
1207 880 1262 967 qui
1284 899 1350 946 non
1372 879 1531 946 diviserat
1552 899 1706 966 umquam

817 981 904 1070 (ipse
928 983 1155 1070 rigatorem,
1179 991 1269 1050 sator
1291 984 1384 1066 altor,
1407 1004 1535 1050 messor
1556 983 1679 1069 arator)

818 1084 990 1153 offendunt
1011 1087 1098 1154 huno
1121 1089 1218 1155 ambo
1240 1088 1345 1174 pium:
1369 1087 1546 1154 truduntur
1568 1087 1609 1154 ab
1633 1088 1728 1154 hortu

816 1193 968 1278 perpetui
990 1192 1079 1258 floris
1102 1193 1287 1259 nechabet
1310 1193 1371 1258 sub
1394 1193 1464 1258 iure
1486 1213 1617 1258 reorum

817 1300 850 1362 et
872 1296 960 1362 ritae
984 1317 1072 1362 mors
1095 1301 1184 1364 meta
1207 1297 1304 1363 datur
1326 1317 1400 1364 cum
1425 1296 1490 1363 fine
1512 1296 1682 1364 malorum.

816 1420 937 1487 magna
959 1400 1012 1468 dei
1033 1402 1150 1488 pietas,
1173 1402 1270 1468 venia
1293 1402 1348 1488 qui
1370 1406 1531 1487 temperat
1553 1402 1633 1467 iras:

816 1504 885 1570 rita
907 1505 1017 1591 gravis
1040 1506 1207 1572 hominum
1231 1505 1413 1572 subciditur
1434 1506 1545 1592 inpete
1567 1505 1691 1590 mortis,

816 1629 900 1695 quae
922 1609 1066 1676 recidiva
1088 1611 1193 1697 magis
1217 1610 1383 1676 conuersis
1406 1609 1504 1676 corde
1527 1610 1682 1697 resurgit.

815 1734 903 1780 mors
925 1713 1164 1780 mundanorum
1186 1715 1317 1800 requies
1341 1714 1395 1780 vel
1418 1719 1509 1782 certa
1530 1713 1680 1780 laborum

817 1825 852 1884 51
873 1819 960 1886 male
983 1819 1107 1885 uiuenti
1128 1825 1317 1906 praestatur
1339 1818 1404 1884 line
1428 1819 1543 1884 salutis

814 1923 1007 1988 continuans
1031 1922 1246 2010 quodcunque
1269 1929 1365 1990 nocet
1386 1943 1589 2010 pravumque
1612 1923 1810 2012 bonumque.

815 2027 903 2092 solua
925 2027 960 2093 in
982 2034 1153 2094 aeternum
1176 2027 1258 2094 deus
1282 2033 1334 2094 est
1356 2033 1511 2114 regnator
1535 2033 1569 2094 et
1591 2035 1714 2112 auctor,

815 2132 919 2198 virtus
942 2132 1028 2198 trina
1049 2131 1142 2214 dens,
1165 2132 1287 2220 triplex
1309 2131 1390 2198 deus
1414 2132 1520 2198 omnis
1544 2137 1578 2198 et
1598 2153 1694 2214 uuus,

814 2235 856 2303 de
878 2257 943 2324 quo
966 2242 1133 2324 speratum
1157 2234 1347 2302 conceditur
1369 2256 1465 2302 omne
1487 2236 1667 2323 benignum

813 2365 875 2410 nec
897 2364 990 2410 mens
1012 2363 1226 2430 quaecuuque
1248 2342 1468 2430 praesumpsit
1491 2361 1574 2428 pura
1595 2341 1724 2426 15151111,

814 2448 976 2516 dicturum
999 2449 1136 2515 effectus
1158 2469 1225 2514 non
1248 2447 1369 2514 desunt
1389 2453 1539 2538 tempora
1563 2447 1689 2534 eodem,

812 2575 916 2642 penes
939 2574 1036 2641 quem
1060 2575 1160 2620 sensu
1183 2553 1377 2642 praecordia
1398 2561 1489 2621 muta
1512 2555 1688 2642 loquuntur

815 2666 850 2725 ct
871 2659 984 2746 lingua
1005 2659 1164 2725 reticente
1188 2665 1283 2725 sonat
1305 2679 1406 2745 super
1428 2659 1565 2727 aethera
1588 2681 1696 2728 sermo

813 2785 852 2830 ac
875 2783 968 2829 mens
990 2781 1068 2850 pura
1093 2763 1191 2829 deum
1213 2764 1321 2852 potius
1344 2784 1441 2850 quam
1464 2765 1579 2851 lingua
1600 2769 1765 2852 precatur.

814 2889 893 2954 ergo
916 2869 1024 2955 operis
1046 2889 1172 2934 memor
1193 2868 1264 2954 ipse
1288 2869 1339 2933 sui
1361 2866 1444 2934 deus
1468 2869 1610 2956 imperat
1632 2870 1747 2936 ambos

812 2971 945 3038 sedibus
969 2993 1121 3058 egressos
1143 2971 1282 3059 placidis
1306 2971 1514 3038 dominentur
1536 2979 1572 3039 ut
1595 2973 1666 3040 orbi

814 3082 848 3143 et
869 3081 973 3142 totum
996 3077 1083 3163 quod
1105 3075 1246 3142 mundus
1269 3075 1370 3143 habet
1393 3076 1454 3142 sub
1476 3077 1547 3143 iure
1573 3083 1734 3144 tenerent.

813 3203 851 3248 ac
874 3180 960 3267 quod
983 3181 1077 3246 floret
1098 3180 1228 3263 humus,
1250 3179 1361 3246 viridis
1385 3179 1471 3267 quod
1494 3181 1657 3268 germinat
1679 3181 1792 3266 herba,

813 3285 900 3372 quod
923 3286 1051 3372 spicant
1073 3304 1210 3369 messes,
1234 3283 1320 3370 quod
1344 3285 1443 3351 ramis
1467 3287 1607 3372 parturit
1628 3286 1735 3368 arbor,

813 3389 900 3477 quod
922 3395 1090 3475 gemmant
1112 3389 1207 3469 vites,
1230 3387 1317 3474 quod
1341 3409 1479 3455 amoena
1502 3391 1665 3456 comantia
1687 3390 1849 3473 lroudeut,

812 3494 946 3558 flumina
969 3491 1055 3579 quod
1078 3493 1211 3557 mittunt
1232 3492 1352 3575 lentes,
1378 3492 1464 3580 quod
1487 3493 1622 3560 fluctuet
1644 3515 1777 3582 aequor,

812 3596 898 3684 quod
921 3597 1030 3684 pelagi
1053 3595 1152 3662 trahit
1174 3595 1262 3662 unda
1284 3595 1414 3678 fretum,
1439 3595 1525 3684 quod
1548 3598 1644 3664 litore
1666 3599 1785 3682 tundit,

812 3721 978 3767 murmure
1001 3700 1088 3786 quod
1111 3700 1201 3766 renti
1223 3700 1341 3766 flantes
1364 3721 1449 3786 uaga
1470 3721 1635 3768 marmore
1657 3703 1812 3790 crispent,

812 3805 900 3893 quod
921 3809 1082 3893 generant
1103 3810 1222 3887 terrae,
1247 3805 1334 3892 quod
1357 3806 1518 3890 flammae,
1541 3813 1662 3894 pontus
1686 3815 1720 3874 et
1742 3829 1814 3876 aer:

402 3985 432 4036 tn
451 3983 474 4034 0
490 3983 619 4039 549-51.
636 3981 695 4037 553.
715 3981 775 4036 555.
793 3977 846 4035 560
863 3978 916 4046 (dic
933 3980 983 4046 tio)

503 4087 555 4142 549
572 4090 634 4142 0115
653 4087 714 4140 01⁷¹
725 4086 802 4154 Eup,
820 4085 915 4138 015Β
1009 4081 1062 4138 550
1079 4085 1192 4136 fructum
1212 4083 1315 4151 GEup.
1393 4085 1523 4140 habebant
1537 4085 1559 4137 0
1572 4087 1649 4156 Eup,
1667 4090 1779 4146 habebat
1790 4093 1815 4145 B
1911 4092 1959 4147 551
1979 4096 2058 4163 Agri-

399 4175 482 4228 colam
497 4173 557 4242 OM,
574 4175 697 4243 Agricola
715 4172 741 4224 Β
757 4173 824 4240 Eup.
894 4171 1018 4224 diuiserat
1036 4169 1069 4236 Β,
1086 4171 1213 4223 diuideret
1232 4169 1254 4220 0
1333 4169 1384 4224 553
1402 4179 1457 4225 orto
1477 4173 1504 4239 0,
1522 4181 1580 4226 ortu
1598 4175 1625 4226 B
1711 4177 1763 4232 555
1780 4197 1849 4233 mors
1866 4197 1925 4234 meo
1942 4182 2061 4234 daturo

433 4260 486 4316 558
503 4259 670 4330 p(rre)oidiua
687 4261 720 4324 B,
739 4277 805 4312 corr.
819 4259 865 4310 M*
882 4259 949 4326 Eup.
1037 4257 1225 4324 (conluterpus
1244 4257 1276 4321 Β,
1299 4274 1365 4310 corr.
1379 4258 1414 4309 M
1519 4258 1570 4313 559
1589 4263 1653 4326 (uel)
1671 4273 1742 4318 certa
1758 4266 1791 4334 Β,
1810 4275 1849 4321 est
1867 4277 1936 4321 certa
1954 4267 2021 4336 Eup.

399 4355 468 4401 meta
487 4348 602 4402 Arecolc
689 4345 740 4402 562
758 4342 903 4414 regnat(ur)
926 4345 952 4395 B
1025 4343 1077 4397 565
1094 4346 1149 4396 Neo
1170 4341 1430 4414 quc(m)cu(m)q(ue)
1448 4363 1520 4399 mena
1538 4347 1571 4414 B,
1590 4352 1691 4402 eorreaet
1777 4351 1829 4406 566
1846 4353 2005 4420 Victuru(m)
2024 4355 2058 4421 Β,

400 4436 510 4500 ocri-wi,
528 4437 602 4488 uolui
614 4437 740 4488 dictorum
793 4433 885 4485 fefellit
896 4433 1034 4496 victurum,
1052 4431 1160 4483 effectus
1177 4431 1300 4498 distinqui
1316 4432 1383 4484 iubet
1396 4431 1523 4486 Brtcheter
1591 4433 1643 4496 568
1660 4433 1762 4504 rup(sr)
1780 4437 1870 4507 ter(ra)
1882 4441 1915 4504 Β,
1934 4443 1969 4509 cf.
1982 4441 2057 4509 Eup,

399 4539 477 4590 snper
495 4539 554 4575 uera
573 4522 617 4572 M·
694 4519 744 4573 511
764 4527 794 4572 51
811 4519 868 4572 orbi
885 4519 962 4586 Eup„
980 4527 1008 4570 at
1025 4519 1082 4571 orbi
1098 4517 1132 4584 B,
1151 4519 1178 4568 in
1195 4519 1257 4571 orbe
1279 4517 1309 4569 11
1383 4516 1435 4572 513
1453 4519 1493 4573 Ac
1510 4537 1563 4588 eqo,
1580 4523 1615 4573 At
1632 4521 1665 4586 B,
1684 4525 1717 4576 Et
1733 4525 1801 4594 Erip.
1870 4525 2019 4595 gemin(0t)
2033 4529 2058 4580 Β

433 4608 485 4663 515
502 4607 684 4677 co(m)mancia
702 4607 727 4658 Β
820 4603 872 4658 516
890 4608 994 4658 mittant
1011 4605 1044 4670 Β,
1062 4612 1164 4657 mutant
1181 4605 1215 4656 M
1297 4602 1348 4658 511
1367 4607 1453 4659 tundit
1470 4607 1597 4674 Arcuatc,
1616 4611 1710 4662 tondat
1726 4609 1764 4673 Β,
1787 4615 1903 4667 tundunt
1920 4615 1987 4683 mo.

399 4693 452 4750 519
468 4703 575 4764 generat
591 4702 660 4748 terra
676 4694 746 4760 quod
763 4695 868 4746 damma
886 4693 920 4759 Β,
938 4695 973 4762 cs.
992 4692 1059 4760 Eup.
1130 4693 1237 4745 flumina
1254 4709 1286 4744 55
1303 4692 1369 4760 mo.
1387 4695 1528 4746 recentibus
1544 4695 1639 4763 recepit
1656 4697 1770 4752 Arsacio

503 4851 552 4907 551
573 4847 727 4922 agricolam
740 4889 746 4904 .
760 4890 765 4902 .
780 4889 787 4904 .
805 4845 941 4902 diviserat
958 4845 1063 4901 555155
1080 4846 1188 4918 negotio
1205 4844 1316 4900 diuersis
1334 4845 1516 4902 3515551335
1591 4849 1644 4906 554
1660 4849 1748 4907 55551
1765 4851 1784 4906 a'.
1802 4857 1891 4907 monet
1907 4868 1941 4908 ec.
1959 4851 2057 4909 hortus

434 4957 486 5012 555
504 4954 588 5011 Prud.
597 4956 691 5026 periet
706 4961 731 5024 5,
745 4961 795 5010 521
810 4953 892 5010 finem
909 4951 1048 5007 malorum
1065 4951 1210 5022 praestitit
1228 4952 1325 5009 mortis
1343 4969 1487 5022 supremus
1509 4952 1601 5010 exitus
1679 4954 1731 5009 556
1749 4953 1935 5027 15553193
1952 4973 2057 5029 magna

399 5060 446 5118 dei
464 5059 564 5131 pletas.
601 5065 651 5116 eat.
664 5066 718 5115 239
735 5061 876 5130 temperat
894 5057 950 5113 iras
1054 5057 1105 5113 559
1129 5056 1205 5127 Verp.
1217 5058 1286 5113 Aea.
1298 5063 1323 5127 3,
1335 5062 1386 5113 393
1404 5057 1513 5128 requies
1532 5075 1566 5114 aa
1589 5062 1667 5116 certa
1689 5059 1818 5118 laborum
1904 5061 1954 5116 561
1973 5064 2057 5118 55551

398 5181 419 5221 5.
431 5181 485 5222 ccc.
498 5182 521 5220 o.
533 5165 592 5222 iad.
680 5163 731 5220 563
750 5164 830 5219 Paul.
848 5163 1117 5233 Nol.oorm.19‚133
1134 5180 1199 5218 nam
1217 5162 1284 5219 daus
1301 5179 1385 5232 unus,
1405 5161 1493 5219 virtus
1511 5161 1587 5220 trina
1604 5164 1684 5233 deus,
1703 5168 1785 5235 pater
1801 5183 1872 5220 unus
1890 5168 1920 5220 et
1937 5183 2008 5220 unus
2025 5165 2056 5221 in

399 5269 461 5340 ipso
478 5269 552 5325 filius
569 5285 629 5340 epa,
645 5269 680 5337 cs.
697 5269 782 5325 Prud
800 5268 889 5338 upott.
904 5269 993 5338 praefi
1010 5277 1024 5323 1
1042 5265 1362 5323 mortuummare
1382 5268 1466 5326 Droc.
1481 5275 1506 5340 2,
1517 5276 1552 5327 39
1638 5270 1690 5325 564
1708 5270 1742 5338 of.
1756 5271 1840 5326 Drac.
1854 5279 1876 5340 1,
1890 5275 1923 5325 13
1934 5287 1970 5340 sp.
1983 5271 2056 5340 epist.

399 5375 495 5432 Iaoots'
512 5385 579 5447 1,11
662 5375 713 5432 566
727 5374 986 5446 metueremus
1004 5373 1084 5442 dixit,
1103 5375 1132 5430 et
1149 5375 1226 5428 lacta
1245 5377 1321 5438 snnt;
1340 5374 1399 5446 ipse
1418 5375 1577 5444 mandevit,
1600 5379 1630 5432 et
1654 5378 1750 5433 creata
1767 5377 1841 5431 sunt.
1870 5374 1956 5430 Droc.
1969 5381 1994 5444 3,
2007 5381 2057 5431 543

399 5479 515 5538 effectus
532 5481 608 5537 iussa
626 5481 780 5550 sequuntur
892 5479 944 5537 566
961 5481 998 5548 cs.
1013 5479 1096 5534 Druc.
1108 5485 1133 5547 2,
1148 5483 1201 5534 302
1218 5483 1243 5533 ct
1259 5486 1306 5534 313
1325 5479 1407 5534 Paul.
1428 5479 1502 5534 Petr.
1519 5487 1543 5549 3,
1558 5485 1610 5537 333
1720 5481 1770 5536 511
1791 5484 1815 5534 et
1833 5479 1885 5535 582
1904 5477 1973 5534 Gerr.
1986 5487 2008 5546 1,
2022 5485 2057 5535 23

399 5585 583 5642 dominamini
600 5585 725 5657 piscibus
742 5601 804 5656 epe..
821 5585 884 5641 rade
907 5587 988 5641 etiam
1011 5585 1070 5642 Alc.
1086 5585 1137 5639 Ao.
1155 5600 1238 5640 oona
1257 5590 1282 5654 2,
1303 5591 1332 5639 19
1349 5582 1519 5641 dominarier
1536 5583 1598 5640 orbi
1616 5593 1642 5654 4,
1654 5591 1703 5640 313
1720 5581 1879 5639 dominetur
1895 5586 1925 5639 et
1942 5581 2003 5638 orbi

398 5691 451 5747 514
466 5689 539 5760 Vero.
553 5691 609 5748 bue.
621 5697 646 5763 3,
662 5699 697 5748 33
714 5707 789 5748 nunc
806 5690 897 5748 omnis
916 5689 1039 5761 parturit
1056 5689 1147 5746 arbos.
1173 5689 1358 5760 15551139
