4568 6396
907 398 1169 457 PANEGYRIGVS
1187 401 1214 456 11

578 884 773 942 madentis
791 892 808 940 2
823 884 892 952 [otiu
908 885 927 942 i.
944 885 1001 952 sere
1019 891 1066 942 110
1083 899 1174 940 verm
1191 890 1258 955 etp.
1277 891 1329 941 262
1343 886 1400 955 sere
1415 895 1433 942 4
1450 901 1541 942 uersus
1711 906 1736 958 p.
1754 888 1807 944 262

449 979 451 982 ¹
486 989 507 1058 ‘.
524 1043 532 1060 .
549 1041 557 1058 .
574 997 608 1058 st
628 990 777 1080 placidus
800 992 862 1058 sub
889 1011 969 1078 paee
992 990 1107 1078 pudor.
1152 1012 1216 1057 non
1238 991 1365 1078 proelia
1386 991 1530 1075 mandet,
1625 977 1887 1133 ’1ᾘῷΡῷθῶ

573 1097 632 1165 ssd
653 1104 748 1185 gerat
770 1101 805 1163 et
826 1096 942 1183 priscis
963 1096 1126 1162 instauret
1147 1095 1215 1161 fate
1237 1095 1423 1183 triumphis,

487 1227 526 1268 mo
570 1223 667 1288 quem
691 1222 757 1266 non
779 1199 904 1289 praede
926 1199 1047 1267 doeens
1070 1200 1205 1286 aurique
1229 1200 1345 1266 insana
1367 1200 1485 1288 eupido

574 1312 671 1393 nogat
692 1306 900 1372 inexhaustis
923 1306 1067 1372 animum
1089 1305 1280 1392 permittere
1304 1305 1402 1389 euris,

575 1411 634 1479 sed
656 1411 734 1478 ferri
756 1409 939 1477 laudandus
960 1431 1052 1476 amor
1072 1409 1224 1497 Latiique
1248 1409 1373 1476 erueris

572 1516 723 1584 indoeilis
745 1515 933 1603 iugulisque
955 1513 1092 1580 madens
1114 1514 1288 1580 hostilibus
1312 1515 1401 1580 ensis

572 1620 766 1688 indomitum
787 1619 966 1707 mitemque
989 1615 1127 1705 probet’.
1171 1639 1234 1685 nee
1256 1623 1335 1684 vota
1356 1618 1519 1686 radebant

486 1751 524 1792 ms
567 1727 602 1792 in
624 1725 760 1792 dubium
782 1730 961 1812 notumque
983 1724 1045 1790 fuit
1067 1745 1165 1811 quem
1186 1728 1338 1811 posceret
1360 1722 1474 1791 Orbis:

573 1828 708 1896 Adtium
731 1828 921 1896 eoniunotus
944 1849 1035 1895 emor
1056 1827 1234 1915 populique
1257 1833 1450 1916 patrumque

573 1939 607 2001 et
629 1954 803 2022 procerum
824 1953 918 2000 mens
942 1932 1047 1999 omnis
1070 1931 1180 1998 habet.
1225 1951 1286 1997 nee
1309 1930 1419 1998 disere
1442 1936 1603 2014 mussant,

572 2037 629 2103 ssd
651 2037 778 2124 petiere
800 2036 920 2124 palam.
966 2035 1031 2102 iem
1054 2035 1140 2122 quod
1162 2035 1327 2101 sententis
1348 2033 1461 2102 mundi

574 2148 830 2228 cunctorumque
853 2141 936 2208 fides
959 2140 1058 2206 uultis
1080 2139 1267 2206 auetoribus
1290 2137 1403 2224 smbit,

485 2270 523 2311 ιιο
566 2244 649 2311 Fata
671 2245 800 2312 iubent:
825 2243 940 2313 aderat
962 2243 1078 2310 studiis
1100 2243 1246 2330 iuvitque
1268 2243 1414 2310 favorem

572 2355 652 2415 nota
672 2349 734 2415 viri
759 2349 860 2415 virtus
883 2355 918 2415 et
940 2348 1051 2436 msgni
1072 2347 1179 2434 gloria
1199 2347 1314 2433 patris.

571 2473 647 2519 nam
670 2453 757 2519 eluro
780 2452 927 2538 genitore
951 2458 1041 2518 satus
1064 2489 1107 2500 -
1130 2452 1190 2518 sed
1211 2451 1297 2518 forte
1320 2456 1489 2540 parentem

573 2558 731 2626 tsedibus
754 2556 885 2624 Aretois
909 2563 943 2624 et
964 2557 1052 2624 iusta
1073 2562 1160 2624 sorte
1181 2556 1321 2644 potitum

572 2661 711 2729 eallidus
734 2667 769 2728 et
789 2647 873 2727 ialsa
894 2665 1002 2728 teetus
1024 2681 1124 2748 prees
1146 2660 1287 2748 perculit
1309 2659 1399 2726 ensis

484 2791 523 2834 us
566 2771 747 2834 mereatum
769 2765 838 2832 vita
859 2765 918 2832 leti
940 2763 1060 2831 denus:
1081 2764 1162 2831 baut
1184 2785 1280 2831 serus
1303 2762 1382 2830 olim

570 2890 739 2959 pugnaees
761 2868 858 2936 Fabii
880 2869 988 2958 patris
1009 2890 1069 2956 pro
1092 2875 1192 2956 gente
1215 2869 1378 2936 sedebant

572 2979 606 3042 et
626 2973 760 3057 Decius,
783 2993 922 3061 propero
944 2973 1051 3040 lusam
1073 2972 1130 3062 qui
1152 2973 1215 3039 tine
1237 2971 1366 3053 refudit,

571 3079 630 3146 sed
653 3078 774 3144 famem
796 3079 867 3144 sins
889 3077 954 3145 fine
976 3082 1078 3160 tenet,
1100 3099 1176 3144 nam
1199 3077 1314 3144 mortis
1336 3095 1481 3142 amorem

570 3187 687 3269 pensat
708 3181 814 3248 laudis
836 3181 940 3247 honor
961 3217 1003 3230 -
1026 3182 1109 3247 tanti
1132 3181 1196 3248 sibi
1219 3181 1369 3246 eonseius
1392 3179 1491 3246 beros

485 3309 524 3352 sss
569 3285 738 3373 sanguinis
761 3285 933 3352 emeritum
955 3284 1199 3374 praestantibus
1221 3285 1356 3349 innovet
1378 3282 1460 3350 setis

331 3581 366 3637 99
384 3585 496 3637 mumius
583 3580 634 3636 100
650 3583 753 3635 insanis
770 3579 790 3649 (i
807 3580 902 3648 deletu)
972 3581 1068 3652 praeda
1084 3593 1180 3635 noesns
1197 3581 1324 3634 Heinrich
1413 3577 1568 3634 retourne
1654 3579 1704 3635 104
1722 3563 1848 3636 addebant

226 3671 360 3767 stappae
378 3671 514 3724 iussurum
532 3670 617 3722 mrsu·
632 3669 776 3754 propassus
793 3669 921 3722 assesso
991 3667 1041 3723 107
1059 3670 1142 3722 omns
1158 3677 1218 3723 nst
1234 3669 1362 3723 missos
1432 3666 1483 3721 res
1500 3650 1643 3736 tetpehsrs
1660 3670 1697 3721 as
1714 3669 1785 3722 um
1803 3667 1883 3722 esses

260 3767 343 3812 unna
447 3755 499 3809 110
515 3755 734 3824 studimiauuitq·

329 4030 364 4089 98
382 4032 462 4088 verbu
478 4031 545 4103 furit
562 4030 672 4102 quidam
689 4035 754 4086 unte
773 4047 837 4086 arus
854 4032 895 4086 ssi
911 4031 949 4086 ud
964 4031 1033 4087 aives
1104 4030 1198 4088 Sidon.
1216 4047 1297 4086 sum.
1310 4036 1333 4096 2,
1342 4035 1393 4087 383
1410 4031 1536 4086 veterum
1558 4028 1607 4099 qui
1632 4046 1709 4085 more
1733 4031 1881 4100 parentum

224 4154 281 4192 non
298 4136 415 4193 mandet
431 4135 480 4192 sed
497 4135 574 4192 bella
591 4139 673 4209 gerat
778 4135 828 4194 107
846 4135 922 4207 Very.
936 4137 1006 4192 Ass.
1025 4143 1119 4206 11,345
1136 4137 1185 4193 sed
1202 4135 1294 4192 disere
1312 4135 1446 4190 mussant.
1465 4132 1533 4190 Stat.
1555 4132 1633 4189 utu.
1655 4139 1680 4202 3,
1697 4139 1732 4189 92
1749 4150 1880 4190 excussas

225 4257 371 4310 procerum
388 4243 497 4298 mentes
508 4239 680 4311 turbataque
697 4241 823 4297 mussant
835 4239 955 4296 eoncilia
1068 4241 1116 4297 111
1141 4240 1219 4312 Verq.
1231 4240 1302 4296 Aen.
1314 4245 1369 4309 4,3
1385 4239 1475 4296 multa
1487 4239 1541 4296 riri
1552 4238 1642 4296 virtus
1660 4237 1753 4296 animo
1764 4238 1881 4294 multus·

225 4362 281 4414 que
298 4347 423 4401 recursat
443 4342 537 4416 gentis
555 4344 643 4401 bonos
749 4343 798 4399 112
822 4341 920 4400 bitrem
943 4343 1014 4415 Gau,
1036 4343 1126 4400 usos.
1140 4345 1161 4399 I
1164 4361 1194 4414 p.
1214 4351 1277 4414 668,
1292 4352 1343 4400 100
1364 4343 1505 4402 Gaudenti
1528 4343 1638 4402 comitis
1659 4361 1678 4400 s
1694 4341 1833 4399 militibus
1850 4341 1881 4397 in

225 4447 321 4503 Gallia
339 4446 423 4504 oeeisi
