4538 6398
810 337 999 395 APPENDIX
1018 339 1103 395 XX-
1113 339 1205 398 XXVI

741 519 873 596 XXlll.
914 521 976 594 DE
1003 521 1344 597 PRESBYTERIS.

586 651 696 718 Dicito
719 653 938 740 presbyteris:
962 659 1104 720 vestram
1127 655 1258 721 fuscare
1283 676 1432 722 serenam

627 777 691 820 non
715 756 815 822 debet
838 757 962 823 heresis
986 757 1171 824 Simoniaca
1193 759 1301 826 fidem.

583 862 708 926 tollitur
730 869 898 926 aeternum
922 869 1052 927 terreno
1075 885 1210 929 munere
1235 886 1351 930 munus

628 971 662 1028 et
684 965 828 1030 maculat
850 986 951 1053 parva
973 967 1122 1053 sportula
1144 969 1247 1032 multu
1268 968 1365 1034 bona.

532 1086 548 1139 5
584 1066 713 1134 deditus
737 1089 812 1134 asse
836 1068 889 1134 dei
918 1090 1032 1135 servus
1055 1091 1121 1134 non
1144 1070 1244 1136 debet
1265 1073 1374 1138 usuris

628 1173 779 1254 terrenis,
804 1174 894 1238 cuius
917 1179 969 1238 est
992 1195 1091 1260 super
1114 1180 1204 1240 astra
1227 1176 1329 1241 locus.

584 1297 646 1342 neo
669 1277 750 1342 vitio
774 1277 880 1343 clerus
904 1277 1004 1343 debet
1028 1279 1251 1360 succumbere,
1276 1300 1371 1344 sacra

631 1379 763 1447 assidue
788 1381 879 1446 ouius
902 1381 1006 1446 infula
1029 1381 1113 1446 oolla
1136 1383 1263 1468 premit.

585 1489 630 1566 tu,
654 1483 753 1550 decus
778 1485 949 1564 ecclesiae,
974 1486 1075 1550 virtus
1098 1491 1132 1550 et
1154 1487 1259 1570 gloria
1282 1487 1383 1572 regni,

517 1605 551 1660 10
629 1610 760 1676 semper
783 1611 857 1655 ama
879 1589 1056 1670 dominum,
1080 1595 1112 1654 te
1135 1591 1212 1676 quie
1235 1611 1366 1678 semper
1388 1597 1487 1658 amat.

186 574 268 665 (ὃῖ)

617 1783 745 1859 XXIV.
788 1785 849 1858 DE
879 1785 1175 1860 ADMONENDO
1201 1785 1476 1862 MONACHOS.

590 1917 774 1983 Admoneat
795 1918 972 1984 monachos
997 1919 1100 1984 dulcis
1124 1941 1186 1984 vox
1210 1922 1302 2004 regia
1324 1928 1469 2004 cunctos,

629 2029 665 2086 ut
687 2024 786 2088 rebus
810 2030 955 2106 careant,
977 2045 1081 2108 regna
1104 2045 1244 2110 superna
1267 2033 1389 2111 petent.

586 2146 649 2190 non
671 2125 732 2192 hos
755 2147 912 2192 vanarum
938 2128 1047 2192 turbet
1070 2129 1237 2214 possessio
1260 2149 1377 2210 rerum,

631 2237 684 2296 est
707 2231 825 2317 quibus
848 2232 881 2296 in
905 2232 993 2296 celso
1016 2232 1084 2296 vite
1106 2239 1222 2319 parata
1246 2233 1373 2299 throno.

533 2347 550 2406 5
585 2337 738 2421 exemplo
762 2334 856 2401 Elias
879 2335 993 2422 populi
1017 2337 1182 2402 consortia
1205 2337 1308 2402 vitent

630 2447 663 2506 et
685 2439 793 2524 Pauli,
818 2439 954 2505 Antonii
978 2447 1076 2526 atque
1099 2439 1256 2506 Iohannis
1279 2449 1400 2510 ament.

586 2545 720 2632 propria
743 2544 918 2625 dimittant,
942 2544 1145 2610 habeantet
1168 2546 1302 2632 propria
1325 2554 1452 2630 cuncta,

629 2649 678 2713 vir
700 2648 781 2713 nihil
805 2655 1000 2713 extraneum
1024 2649 1115 2734 pacis
1142 2655 1267 2713 amator
1290 2649 1401 2716 habet.

587 2758 623 2818 tu
646 2752 748 2818 decus
771 2752 949 2838 egregium,
972 2753 1075 2816 virtus
1100 2759 1134 2818 et
1155 2753 1259 2836 gloria
1281 2757 1384 2839 regui,

520 2875 554 2930 ιο
633 2877 761 2944 semper
784 2879 859 2922 ema
882 2855 1060 2938 dominum,
1083 2863 1116 2920 te
1140 2856 1216 2941 quia
1238 2878 1370 2945 semper
1393 2867 1492 2926 amat.

802 3053 917 3128 XXV.
956 3053 1017 3126 DE
1044 3051 1294 3131 IVDlClBVS.

592 3185 759 3251 Iudicibus
783 3186 896 3252 iubeat
918 3191 1026 3252 vestra
1049 3188 1219 3273 praeclara
1242 3194 1398 3272 potestas,
1484 3241 1485 3246 1

635 3292 696 3354 rite
720 3297 838 3376 regant
861 3290 1017 3377 populum
1041 3311 1170 3377 semper
1192 3291 1312 3378 ubique
1335 3299 1437 3357 tuum.

590 3415 655 3459 non
679 3394 738 3458 hos
762 3393 906 3480 decipiat
929 3396 999 3458 euri
1022 3393 1171 3459 decoctio
1195 3416 1287 3481 pura,

633 3499 752 3562 noxius
775 3499 904 3582 argenti
928 3519 989 3562 nee
1013 3499 1098 3562 mule
1121 3505 1231 3585 captet
1254 3519 1354 3564 emor.

538 3619 555 3672 5
591 3602 780 3667 censoribus
804 3601 913 3688 populi
936 3601 1091 3666 obedient
1114 3610 1149 3666 nt
1172 3603 1316 3689 postulat
1339 3603 1432 3668 ordo:

633 3707 679 3770 sio
703 3727 768 3792 pax
791 3705 938 3770 obtineat
961 3707 1069 3770 omnia
1094 3727 1195 3791 regne
1218 3713 1275 3771 tue

591 3815 624 3875 et
647 3809 718 3890 tibi,
743 3807 838 3894 (rex),
864 3810 1000 3874 sitlans
1024 3810 1125 3874 virtus
1149 3815 1183 3874 et
1205 3810 1309 3896 gloria
1332 3831 1475 3898 semper,

634 3914 687 3978 hic
711 3920 744 3979 ct
767 3914 799 3978 in
823 3919 992 3978 aeternum
1016 3913 1058 3978 sit
1081 3913 1140 3978 tibi
1165 3935 1295 4000 semper
1318 3914 1431 3980 honor.

801 4213 932 4290 XXVI.
973 4213 1021 4288 IN
1048 4213 1251 4288 BACVLO.

591 4347 782 4412 Portantem
805 4369 858 4413 me
882 4355 976 4434 porto
1000 4369 1111 4413 senem
1135 4355 1169 4412 et
1192 4348 1331 4434 vestigia
1354 4347 1463 4424 lirmo;

592 4472 663 4515 sum
686 4451 841 4537 gravibus
865 4453 1023 4538 regimen,
1047 4453 1175 4517 levibus
1199 4473 1273 4516 nem
1291 4451 1427 4516 verbera
1450 4457 1602 4538 praesto„

591 4554 640 4619 his
664 4576 742 4640 ergo
765 4555 882 4620 ollioiis
906 4556 1071 4642 geminum
1097 4555 1174 4620 mihi
1199 4577 1318 4620 nomen
1342 4556 1480 4641 ubique:

592 4659 731 4725 defessis
756 4659 917 4740 baculum,
942 4661 1106 4746 perversis
1130 4661 1222 4743 virga
1246 4659 1427 4745 roo(ab)or.

301 4834 422 4906 [xxlv]
449 4836 512 4889 din
530 4837 602 4888 caelo
620 4835 678 4886 edd.
750 4843 852 4902 patrata
869 4842 942 4886 trono
961 4833 995 4883 Μ

300 4937 403 5006 [XXV]
448 4939 645 4992 inobedienti!
715 4935 794 4990 'li-ex
807 4938 908 5002 addidi,
923 4945 1015 5004 etpost
1027 4937 1086 4989 laus
1099 4937 1187 4989 inserit
1200 4936 1310 4989 Slrttrrd
1380 4935 1613 5005 etgloriaChristo
1626 4933 1850 4987 Lororzonoedd.

299 5041 589 5109 [xxvi-XXVIII]
625 5043 659 5094 Μ
673 5044 720 5112 sol.
736 5045 872 5094 etv-621
890 5044 957 5094 inter
975 5059 1062 5094 cerna
1076 5041 1186 5093 Martini
1199 5041 1346 5092 Durniem
1364 5049 1387 5092 et
1399 5040 1510 5108 Eospenii
1522 5040 1666 5092 cerariorum
1679 5039 1852 5088 collectionem

195 5131 305 5180 alteram

300 5231 420 5301 [xxvi]
475 5233 636 5288 ll‘ortantc
660 5235 692 5286 Μ
759 5253 846 5288 nornen
863 5236 897 5286 M
980 5233 1097 5287 2Snunr
1117 5235 1147 5285 Μ
1217 5250 1275 5286 nam
1295 5241 1339 5286 tur
1356 5249 1419 5286 uera
1438 5233 1472 5284 Μ
1554 5228 1721 5299 dgemiuunr
1740 5231 1805 5294 (um
1824 5230 1852 5280 in

194 5319 260 5381 ror.)
275 5319 308 5368 Μ
391 5318 550 5372 4ωιοιι1ιιπι
569 5320 599 5370 Μ
670 5323 730 5389 uiga
750 5323 779 5374 Μ
849 5323 962 5374 vocabor
979 5339 1032 5388 epo,
1051 5330 1126 5374 notar
1144 5321 1182 5383 Μ,
1201 5327 1310 5372 vocatur
1328 5319 1422 5384 Peiper

301 5491 421 5562 [xxiv]
456 5493 474 5547 2
497 5491 561 5546 Vera.
575 5491 650 5548 For.
664 5507 745 5548 carm.
762 5501 838 5560 4,18,
852 5501 883 5548 24
905 5511 993 5564 regnu
1016 5509 1137 5564 superna
1161 5491 1234 5563 petit
1322 5490 1339 5545 3
1363 5489 1471 5546 ronow.
1488 5497 1511 5558 3,
1532 5495 1586 5544 499
1604 5506 1695 5544 rerum
1715 5487 1852 5558 possessio

198 5597 309 5670 fulgens
377 5601 408 5666 σί
422 5601 526 5654 Aroes.
540 5597 639 5664 (PMA
659 5598 679 5652 1
687 5616 716 5668 p.
730 5605 789 5668 231)
807 5607 830 5666 9,
844 5607 877 5655 97
