4590 6390
1113 401 1314 458 DRACONTII

693 599 745 656 620
780 581 891 646 matris
914 581 946 644 in
970 578 1143 666 amplexus
1166 577 1301 642 infamia
1324 575 1472 642 membra
1493 575 1608 662 ligare,

778 685 919 772 perculit
939 683 1094 748 absentes
1117 683 1206 748 nullo
1229 681 1387 747 moriente
1411 700 1556 746 reorum:

780 789 920 874 qualiter
943 787 1109 853 infremuit
1130 792 1205 874 post
1228 786 1355 851 somnia
1377 785 1522 872 Pyrrhus
1544 783 1695 866 Achillis,

780 913 863 980 quae
888 913 1003 958 sensus
1026 911 1181 957 monuere
1205 911 1282 956 suos
1307 911 1380 955 cum
1404 895 1500 955 nocte
1524 891 1643 977 sopora

779 996 924 1062 Aeacide
947 997 1136 1061 stimulante
1160 995 1253 1078 truci,
1276 1015 1350 1060 cum
1374 999 1524 1080 posceret
1546 993 1643 1059 heros

693 1118 744 1173 625
781 1101 915 1188 virginis
940 1100 1073 1166 inferias
1097 1101 1129 1165 in
1152 1099 1314 1186 Pergama
1337 1099 1465 1163 saevior
1487 1098 1613 1166 umbra.

779 1226 858 1289 ergo
880 1204 937 1270 ubi
961 1203 1134 1270 consilium
1157 1203 1281 1290 placuit
1303 1201 1435 1289 Pyladis
1459 1200 1580 1283 Oresti,

779 1309 942 1374 mentibus
966 1313 1143 1389 armantur,
1167 1307 1245 1371 solis
1269 1305 1482 1372 mucronibus
1505 1305 1566 1370 usi.

779 1413 916 1479 callibus
940 1413 1087 1492 occultis,
1112 1433 1177 1498 qua
1199 1411 1317 1476 semita
1339 1410 1428 1476 ducit
1451 1416 1576 1492 cuntes,

778 1517 870 1583 ibant
893 1517 1023 1583 obscuri
1047 1522 1244 1603 quaerentes
1268 1537 1348 1581 ausa
1369 1517 1485 1594 latero,

692 1635 743 1694 630
778 1621 882 1686 60000
905 1622 938 1686 10
962 1621 1101 1686 infames
1124 1621 1253 1706 iugulos
1276 1618 1422 1684 vindicta
1445 1620 1581 1685 veniret.

778 1727 824 1792 sio
848 1725 1046 1792 Diomedeos
1070 1745 1202 1810 gressus
1225 1724 1399 1790 comitatus
1423 1723 1539 1789 Ulixes

777 1830 932 1896 Dardana
954 1836 1130 1896 nocturnus
1154 1835 1282 1916 peteret
1305 1849 1378 1894 cum
1402 1835 1509 1894 castra
1532 1829 1645 1910 viator,

778 1935 952 2000 sollicitum
976 1934 1133 2021 carpebat
1155 1934 1218 1998 iter
1240 1933 1318 2018 (non
1341 1933 1447 1999 indice
1471 1953 1572 1999 cornu

776 2039 916 2105 classica
939 2038 1106 2105 bellisonis
1129 2039 1277 2124 quatient
1301 2037 1508 2124 clangoribus
1530 2059 1642 2104 auras:

690 2159 742 2216 635
778 2144 824 2208 sic
847 2142 931 2229 pede
955 2164 1116 2230 suspenso
1139 2143 1256 2208 tacitus
1281 2141 1353 2208 sinc
1377 2142 1508 2208 fletibus
1532 2143 1598 2207 oris

777 2247 847 2314 ibat
869 2248 910 2314 ab
927 2247 1091 2334 Argolicis
1114 2267 1310 2334 progressus
1333 2245 1494 2334 puppibus
1518 2245 1628 2313 audax

776 2353 891 2419 sortior
914 2351 1070 2434 Oenides,
1094 2352 1212 2418 sollers
1235 2351 1388 2417 Laertius
1412 2350 1542 2436 beros):

777 2457 824 2522 sie
848 2460 882 2522 et
905 2455 1070 2522 Athenaei
1093 2455 1230 2520 iuvenes
1253 2455 1380 2542 petiere
1396 2454 1571 2541 Mycenes.

776 2561 830 2647 qui
854 2559 930 2626 dum
953 2561 1015 2626 iter
1037 2560 1204 2646 inceptum
1228 2564 1402 2646 peragunt,
1425 2559 1567 2626 nutritor
1590 2561 1716 2628 Orestis

690 2683 742 2739 610
776 2671 913 2751 apparet
935 2663 1075 2752 Dorylas
1099 2663 1208 2730 subito
1232 2662 1474 2751 trepidantibus
1498 2665 1577 2730 illis:

775 2768 873 2835 ‘unde
897 2767 1035 2849 venitis,
1059 2768 1115 2847 ait,
1139 2768 1297 2849 iuvenes,
1321 2767 1418 2854 quiue
1443 2769 1530 2853 estis,
1554 2769 1659 2852 amici,

776 2893 881 2958 quove
904 2872 1024 2938 tenetis
1047 2871 1143 2938 itert’
1186 2873 1241 2958 qui
1265 2872 1364 2937 nullis
1388 2873 1522 2938 vocibus
1544 2873 1597 2937 usi

776 2976 852 3042 dum
876 2976 1015 3042 transire
1038 2981 1165 3063 parant,
1189 2975 1331 3063 Dorylas
1355 2977 1509 3063 cognorit
1531 2976 1694 3060 Orestem,

777 3081 867 3146 cuius
891 3081 923 3145 in
946 3081 1134 3168 amplexum
1158 3101 1217 3168 per
1240 3079 1349 3147 dulcia
1373 3081 1455 3146 colla
1478 3081 1596 3148 ruebat

689 3202 741 3258 645
776 3184 870 3250 ‘vivis
894 3182 1058 3251 alumnel'
1081 3205 1201 3250 sonans
1227 3183 1430 3271 ‘quievistis
1454 3185 1591 3252 vivimus
1615 3205 1739 3253 omncs.

777 3290 933 3355 cessimus
956 3287 1094 3371 insidiis,
1119 3288 1195 3354 dum
1217 3289 1402 3355 luxuriatur
1424 3287 1565 3366 adultam

777 3392 902 3459 deliciis
924 3393 1041 3458 fruitur
1064 3393 1192 3480 polluta
1215 3399 1318 3460 matre
1341 3394 1475 3480 potitus,

775 3497 900 3585 templa
921 3497 1168 3584 triumphorum,
1193 3497 1318 3584 regalia
1340 3504 1429 3564 tecta
1451 3503 1631 3585 potentum,

776 3608 810 3668 et
832 3600 968 3667 delubra
991 3601 1110 3666 ducum
1135 3602 1187 3666 uel
1210 3601 1396 3688 pulvinaria
1418 3622 1532 3686 regum

690 3721 741 3778 650
777 3705 911 3771 crimine
934 3705 1135 3791 prostituens
1160 3704 1283 3792 gaudet
1305 3705 1422 3772 fecisse
1445 3705 1594 3792 lupanar.

775 3830 835 3875 nos
858 3813 970 3874 temen
993 3809 1035 3875 ad
1058 3809 1218 3874 tumulum
1241 3809 1353 3895 magni
1375 3809 1532 3895 genitoris
1557 3815 1673 3875 euntes

775 3913 961 4000 plangimus
983 3913 1136 3990 adsidue;
1159 3913 1251 3978 cuius
1275 3914 1438 3999 promissa
1460 3919 1621 3994 tenemus,

674 4021 677 4028 “
776 4017 923 4103 quamvis
948 4016 1153 4083 Cassandrae
1177 4017 1297 4082 fuerint
1320 4036 1475 4104 responsa
1498 4018 1617 4104 priora,

385 4157 580 4164 —-——
586 4159 609 4162 -,-
644 4159 649 4163 .
672 4159 791 4163 -..-.---

482 4273 831 4342 6206000136,οοηωί
901 4294 960 4330 cum
978 4279 1129 4330 infamiam.
1144 4279 1236 4346 ligaret
1249 4277 1362 4330 Sclcakl
1432 4275 1482 4329 621
1496 4295 1584 4330 eorum
1597 4278 1623 4329 B
1691 4277 1743 4331 623
1760 4279 1809 4330 sub
1822 4284 1897 4330 nocte
1909 4276 2037 4341 Recital-q

414 4359 465 4414 624
483 4363 550 4414 truci
568 4363 716 4430 deposceret
734 4365 759 4415 A
855 4363 907 4416 625
928 4366 1020 4417 inferia
1046 4366 1072 4416 Β
1161 4363 1213 4418 626
1236 4366 1278 4418 610
1303 4367 1347 4418 ubi
1371 4365 1396 4415 A
1490 4361 1540 4417 627
1563 4367 1685 4417 Protinus
1709 4366 1874 4428 coniecerant,
1901 4363 2036 4416 Teuribus

379 4448 500 4502 Biilrrcns
586 4447 638 4501 629
655 4452 741 4502 oscuri
758 4451 783 4502 B
851 4467 917 4504 ausa
936 4451 968 4512 A,
989 4469 1068 4504 causa
1086 4452 1111 4502 B
1197 4450 1249 4504 630
1267 4450 1372 4518 Dllonec
1390 4451 1480 4518 (00000
1498 4451 1526 4518 6)
1544 4451 1569 4502 Β
1643 4450 1695 4504 634
1713 4452 1831 4518 quatiens
1848 4449 1908 4515 BA,
1927 4449 2036 4512 correxi,

379 4537 501 4602 qrrutiunt
519 4535 670 4588 Rothmaler
745 4539 864 4603 quatiens
885 4539 918 4590 cl.
942 4539 1029 4589 audax
1054 4537 1107 4589 Lcc
1131 4539 1209 4603 (aeris
1232 4539 1263 4588 L.
1281 4538 1390 4602 Mulier)
1487 4537 1539 4592 635
1556 4539 1599 4590 Sic
1617 4537 1651 4604 A,
1673 4539 1699 4589 Si
1718 4539 1751 4601 B,
1771 4538 1820 4590 Sed
1840 4536 1868 4590 0.
1889 4538 1920 4588 G.
1939 4535 2037 4586 liciter
2104 4553 2105 4556 ¹

413 4619 463 4673 631
485 4623 568 4674 inides
590 4623 679 4674 sollers
701 4623 793 4687 tertius
813 4623 838 4673 Β
934 4622 985 4675 638
1003 4625 1164 4677 Sicactatene
1189 4625 1298 4676 iuuenes
1316 4625 1349 4690 B,
1374 4627 1416 4678 Sic
1433 4626 1512 4676 tacite
1530 4626 1638 4678 invenes
1655 4626 1731 4678 ambo
1750 4624 1783 4690 Δ,
1806 4642 1873 4676 carr.
1885 4622 2038 4676 Rothmaler

414 4707 465 4770 639
490 4710 539 4761 1101
566 4717 687 4776 coeptum
714 4709 739 4760 Β
843 4708 894 4761 640
920 4710 1031 4762 doloiras
1057 4712 1107 4762 sibi
1135 4712 1299 4778 trepidantib·
1327 4710 1364 4774 Β,
1391 4712 1486 4763 dorilas
1512 4713 1598 4764 subito
1624 4713 1697 4765 aa
1793 4708 1845 4764 643
1867 4710 1962 4762 (toritas
1985 4707 2036 4759 BA

413 4793 464 4846 644
482 4796 603 4864 amplexu
621 4797 646 4848 B
732 4794 783 4848 649
801 4795 897 4848 ducum
915 4796 948 4859 B,
967 4797 1043 4850 deum
1061 4797 1086 4848 A
1174 4796 1225 4848 663
1244 4799 1322 4850 tuerit
1339 4799 1365 4848 B

482 5055 533 5112 623
551 5055 617 5112 Stat.
633 5055 710 5111 sucu.
725 5065 745 5124 1,
759 5063 810 5114 103
827 5057 879 5113 sub
897 5061 979 5114 nocte
998 5076 1099 5130 sopore
1191 5060 1243 5116 628
1267 5058 1341 5129 Vere.
1355 5059 1423 5114 Aca.
1438 5068 1473 5126 11,
1486 5065 1538 5115 521
1557 5060 1651 5116 tenuis
1670 5079 1725 5130 quo
1745 5060 1813 5130 (qua
1832 5058 1916 5128 Sero.)
1935 5055 2037 5112 semita

379 5158 465 5214 ducit.
496 5161 599 5214 Arator
617 5169 638 5228 1,
655 5168 703 5216 030
725 5160 802 5217 00100
820 5162 867 5218 via
890 5161 969 5219 ducit
992 5165 1090 5218 euntes
1186 5163 1237 5218 629
1262 5163 1335 5232 Vero.
1349 5163 1416 5218 Aen.
1431 5171 1455 5230 6,
1469 5171 1519 5218 263
1542 5163 1623 5219 ibant
1647 5163 1756 5219 obscuri
1856 5165 1905 5218 631
1920 5181 1979 5232 sqq.
1999 5163 2035 5229 cs.

378 5262 615 5333 1100100703000.
702 5265 753 5321 634
771 5267 806 5332 cs.
825 5265 862 5319 ad
878 5267 938 5320 VII
953 5275 984 5322 75
1071 5267 1122 5322 635
1143 5267 1296 5334 Placeat,
1317 5267 1464 5336 01870110
1483 5267 1548 5324 inde
1567 5271 1690 5339 evagata
1708 5271 1792 5323 noctu
1811 5284 1944 5338 suspenso
1964 5265 2035 5336 pede

413 5367 464 5421 637
483 5367 550 5421 ruet.
564 5368 621 5422 Aeli
642 5375 665 5436 2,
679 5376 714 5424 30
732 5368 859 5425 Laertius
878 5371 958 5426 heros
1034 5370 1084 5427 638
1108 5371 1181 5439 Vcry.
1196 5371 1264 5425 Aca.
1278 5377 1367 5438 2,180
1385 5371 1490 5442 petiere
1509 5371 1643 5441 Mycenas
1712 5372 1764 5428 639
1783 5371 1856 5442 Varo.
1870 5371 2036 5438 ,4000381

379 5488 446 5540 ergo
473 5469 527 5526 iter
552 5470 697 5542 inceptum
724 5477 864 5544 peragunt
882 5475 917 5540 es.
930 5482 955 5542 8,
970 5483 1005 5530 00
1027 5479 1050 5529 01
1069 5474 1144 5529 Beria
1161 5474 1473 5544 mirac.0uttb.10,12
1500 5476 1621 5546 dumque
1644 5475 1699 5532 iter
1721 5475 1866 5546 inceptum
1894 5478 2036 5546 peragunt

413 5575 463 5632 641
490 5575 564 5645 ch,
584 5575 654 5632 Aca.
675 5585 699 5644 0,
715 5583 765 5632 370
790 5577 873 5648 quive
897 5577 965 5634 estis
992 5578 1021 5633 in
1044 5578 1128 5634 ermis
1151 5597 1241 5649 quove
1264 5578 1368 5635 tenetis
1392 5574 1446 5635 iter
1472 5582 1506 5648 (1,
1524 5583 1585 5649 370)
1690 5581 1741 5638 643
1764 5580 1830 5637 Stat.
1852 5578 2036 5647 incoasse

378 5678 496 5736 transire
514 5682 664 5750 perantes.
675 5721 698 5734 ..
718 5699 803 5752 equos
873 5684 923 5739 649
942 5684 1001 5740 ruo.
1013 5691 1036 5750 0,
1050 5691 1097 5740 132
1114 5683 1258 5756 lupeueris
1277 5683 1345 5741 tulit
1363 5685 1399 5741 ad
1418 5684 1550 5758 pulvinar
1568 5687 1680 5744 odorem
