4554 6396
900 375 1103 434 DRACONTIl
1137 375 1185 432 Dll
1202 373 1385 464 LAVDIBVS
1401 373 1463 430 DEI
1499 373 1527 428 lI

799 576 871 620 nou
887 555 964 640 quia
986 557 1100 619 vectus
1123 551 1216 639 equis
1239 555 1290 616 eet
1313 554 1466 636 quattuor
1487 555 1551 614 axe
1573 552 1691 630 rotate,

801 658 859 725 aed
882 659 959 744 quia
980 656 1167 743 praefectus
1191 655 1239 721 eol
1262 659 1415 741 quattuor
1438 657 1488 719 eet
1511 652 1692 733 clementie,

799 767 954 848 quattuor
975 759 1116 827 alternat
1139 758 1254 825 eollere
1278 758 1393 844 auriga
1416 757 1561 834 colores:

799 871 964 953 permutat
986 865 1095 930 iuaeua
1119 863 1168 929 eol
1191 869 1339 949 tempora
1361 867 1515 948 quattuor
1536 861 1623 942 anui,

644 986 679 1044 20
735 986 782 1055 (ao)
801 990 867 1035 non
890 989 990 1035 aueue
1013 968 1153 1034 transire
1175 967 1266 1033 ricae
1290 966 1350 1032 eub
1372 967 1448 1051 lege
1469 965 1607 1052 perenni

754 1129 755 1132 ,
799 1073 964 1161 praefixae
988 1073 1116 1138 dicione
1139 1076 1207 1152 tua,
1230 1091 1296 1136 non
1318 1071 1375 1136 ille
1398 1089 1536 1156 vapores

800 1183 900 1264 auget
923 1183 1040 1265 sponte
1064 1197 1133 1257 aua,
1156 1173 1283 1240 medior
1307 1194 1370 1240 nec
1392 1173 1674 1260 temperatignee

800 1288 857 1348 aut
879 1281 1024 1363 gelidum
1047 1279 1104 1346 dat
1126 1279 1211 1346 forte
1234 1278 1330 1344 iubar
1352 1277 1418 1344 niel
1440 1275 1602 1365 praeduce
1626 1276 1717 1342 iueau

799 1385 929 1473 imperii
951 1405 1011 1472 per
1033 1384 1144 1450 eaccla
1166 1383 1214 1448 tui
1237 1383 1308 1448 aine
1330 1382 1395 1447 fine
1417 1381 1597 1448 manentis:

644 1507 678 1564 25
736 1507 783 1576 (aa)
801 1490 918 1556 militia
939 1489 1120 1555 famulante
1144 1509 1206 1554 eoa
1229 1487 1350 1552 aerrire
1374 1485 1480 1552 fidelis

800 1615 936 1676 oceano,
960 1591 1082 1659 mundo
1104 1591 1158 1658 rel
1181 1589 1274 1658 caelo
1298 1596 1383 1657 teate
1407 1589 1577 1678 probator.

802 1699 849 1764 aic
867 1719 954 1785 opua
977 1717 1071 1763 omne
1095 1701 1188 1762 tuum
1210 1694 1340 1760 visibile
1363 1715 1430 1760 non
1452 1693 1534 1760 latet
1556 1693 1680 1759 orbem.
1744 1717 1747 1724 ’

801 1809 846 1885 tc,
871 1801 963 1882 dene,
986 1807 1166 1883 auctorem,
1189 1803 1223 1865 te
1245 1798 1395 1865 novimus
1419 1798 1529 1864 omnia
1551 1803 1689 1885 patrem,

799 1913 833 1971 te
856 1906 980 1993 pariter
1003 1905 1180 1986 dominum,
1204 1904 1258 1988 qui
1281 1903 1339 1968 dae
1363 1901 1499 1968 exordia
1521 1901 1619 1968 rebus

645 2026 679 2086 36
737 2027 785 2096 (ro)
804 2016 838 2076 et
860 2009 968 2092 finem,
992 2009 1063 2076 rinc
1085 2008 1150 2075 fine
1173 2028 1294 2094 patene
1317 2007 1455 2074 exordia
1477 2007 1597 2088 ucecia,
1632 2026 1635 2032 ’

802 2134 877 2202 epea
899 2113 1078 2196 hominum,
1104 2133 1213 2180 rerum
1236 2112 1390 2200 princepe
1413 2109 1589 2198 mundique
1612 2115 1787 2198 euperetee.

802 2225 934 2286 aauctue
957 2217 1079 2303 ubique
1103 2223 1179 2284 tuuc
1204 2217 1429 2304 complectitur
1452 2217 1569 2298 omnia,
1593 2216 1756 2304 princepe,

804 2311 1142 2413 spiritus‘inmenaam
1165 2310 1341 2409 penetrans
1364 2343 1423 2408 per
1444 2321 1579 2387 'saecula
1600 2320 1755 2386 molemr

800 2451 877 2496 nam
900 2428 994 2517 quasi
1018 2449 1075 2494 aer
1097 2428 1187 2492 luaua
1210 2428 1255 2492 eic
1280 2413 1388 2492 omnia
1411 2427 1557 2512 contegit
1577 2426 1729 2514 implens,

646 2552 680 2608 35
740 2551 787 2622 (a)
806 2535 935 2621 ringula
957 2521 1024 2599 non
1045 2533 1174 2620 partim,
1197 2531 1396 2618 generaliter
1418 2533 1527 2598 omnia
1549 2535 1659 2615 nutrit,

802 2645 890 2705 totue
912 2638 1034 2724 ubique
1056 2637 1173 2702 iurans
1197 2642 1232 2703 et
1252 2641 1340 2701 totus
1362 2636 1485 2722 ubique
1508 2621 1693 2703 ministrans

805 2764 890 2830 quae
913 2742 1046 2820 vibrans
1070 2747 1187 2807 natura
1210 2739 1310 2807 dedit.
1348 2763 1574 2830 quaecumque
1599 2749 1751 2810 creantur

803 2853 860 2914 ant
883 2852 1042 2934 generata
1064 2846 1187 2927 valent,
1211 2844 1293 2911 haec
1316 2845 1448 2933 apiritue
1471 2845 1587 2913 inserit
1609 2848 1729 2913 almus:

804 2971 979 3038 corporeos
1004 2955 1093 3016 artua
1117 2949 1206 3015 fovet
1228 2949 1326 3036 erigit
1348 2955 1443 3036 urget
1466 2957 1499 3016 et
1522 2957 1632 3037 auget,
1674 2985 1676 2990 ·

646 3077 682 3134 40
740 3074 786 3144 (rc)
803 3052 1025 3122 continuanda
1047 3059 1181 3120 manent
1207 3059 1240 3120 et
1262 3052 1459 3120 succidenda
1480 3053 1649 3133 labuntur;

805 3159 966 3242 omnibus¹
980 3157 1110 3240 incidet,
1133 3161 1286 3244 penetrat
1308 3164 1505 3244 caputoeea
1528 3157 1699 3240 medullae,

804 3269 939 3352 pectora
961 3284 1018 3329 cor
1040 3281 1155 3328 senene
1178 3260 1320 3326 animam
1343 3261 1534 3348 praecordia
1556 3269 1701 3330 mentem
1785 3281 1786 3284 ’

802 3368 953 3448 illustrat,
980 3388 1084 3433 venae
1108 3367 1219 3432 oculoa
1242 3371 1276 3431 et
1298 3365 1424 3432 viscera
1444 3366 1560 3454 replet.

805 3471 924 3558 quidve
947 3470 1039 3551 latet,
1063 3488 1159 3555 quem
1175 3473 1294 3534 cuncto
1308 3475 1436 3554 gerunt,
1460 3489 1523 3556 quc
1539 3475 1656 3536 cuncta
1671 3477 1838 3558 reguntur,

647 3594 682 3648 45
745 3573 969 3663 (intemperie
992 3579 1026 3639 et
1049 3573 1146 3660 epatii
1169 3593 1267 3658 quem
1290 3572 1424 3659 spiritua
1447 3574 1551 3639 omnia
1573 3580 1607 3640 et
1628 3575 1712 3660 ignia

805 3678 918 3744 laudat
941 3683 976 3744 ct
997 3683 1167 3743 aeternnm
1190 3682 1389 3741 venerantur
1411 3683 1529 3743 cuncta
1551 3685 1740 3765 parentem?

807 3803 869 3847 nec
893 3781 977 3848 caeli
1001 3786 1127 3846 secrete
1150 3785 1278 3861 vacant,
1302 3799 1385 3864 quae
1409 3781 1542 3867 epiritue
1565 3787 1681 3848 auctor

802 3906 869 3950 non
892 3883 1015 3950 habeat
1037 3883 1157 3948 virtute
1180 3887 1246 3966 tua,
1272 3903 1356 3969 quae
1380 3883 1458 3949 aelia
1481 3884 1515 3949 in
1538 3885 1649 3952 orbem

390 3999 801 4018 ωὐῄ-,υ-ρ-ὴ-ι

388 4067 417 4119 in
436 4065 507 4120 036
609 4066 638 4116 in
657 4059 803 4115 116-16

496 4169 529 4223 16
547 4179 637 4224 vactua
650 4168 714 4232 AM,
733 4173 808 4219 vatus
826 4163 852 4216 Β
921 4161 1016 4228 ach,
1034 4161 1122 4214 axaA
1193 4157 1225 4213 17
1244 4162 1293 4213 Sed
1311 4163 1357 4227 qui
1374 4161 1434 4226 BA,
1454 4180 1523 4215 corr.
1536 4164 1650 4218 Arevalo
1720 4171 1759 4221 eol
1776 4182 1888 4240 quatuor
1905 4179 1945 4226 eet
1963 4173 2044 4240 AM',

389 4266 502 4324 quatuor
528 4265 568 4310 eat
594 4257 633 4310 acl
659 4257 685 4306 Β
771 4252 900 4306 elimentis
923 4249 956 4315 B,
983 4249 1103 4302 elementi
1121 4247 1147 4298 A
1254 4247 1286 4300 18
1314 4250 1413 4301 calores
1437 4267 1578 4316 perperam
1596 4251 1634 4302 1⁷²
1738 4256 1773 4310 20
1791 4261 1861 4312 uim
1887 4261 1920 4326 B,
1942 4261 2000 4312 niu
2018 4251 2044 4310 Α

424 4341 459 4396 25
476 4361 526 4396 aua
545 4343 580 4409 A,
602 4359 663 4396 auae
684 4340 710 4391 B
779 4337 813 4390 28
836 4339 956 4390 nouimus
974 4335 1035 4400 AV,
1053 4332 1205 4400 no(m)i(ni)a
1223 4333 1249 4384 B
1317 4337 1518 4402 omniparentem
1544 4339 1653 4392 (licerer
1699 4341 1700 4348 ’
1739 4341 1774 4396 30
1790 4362 1865 4413 paras
1885 4347 1926 4399 ccl
1948 4363 2045 4415 parans

391 4431 505 4484 Arrunte
594 4431 679 4482 neecia
697 4429 731 4494 A,
756 4427 838 4478 nercit
854 4424 880 4475 B
983 4419 1017 4474 3‘2
1035 4440 1083 4474 cm.
1100 4420 1147 4487 13¹,
1166 4421 1270 4473 addidit
1291 4420 1369 4473 B¹in
1386 4439 1468 4490 marp.
1481 4440 1538 4489 cup.
1642 4425 1677 4480 34
1699 4431 1773 4483 larue
1795 4449 1840 4485 aer
1852 4443 1956 4498 porrum
1971 4433 2050 4486 VBU

424 4515 682 4583 3616616111,
706 4517 803 4568 Tactus
827 4512 852 4563 B
939 4506 972 4561 37
997 4511 1104 4562 uibrans
1126 4507 1159 4572 Α,
1183 4507 1299 4574 uib(r)ax
1320 4508 1353 4576 B,
1376 4511 1463 4563 ulbrsst
1485 4511 1602 4564 MVRU
1681 4515 1717 4570 38
1738 4519 1829 4573 iurarit
1846 4520 1879 4586 A,
1903 4522 1998 4588 ingerit
2020 4520 2046 4572 Β

424 4603 460 4657 40
471 4605 655 4658 continuanda
667 4601 729 4668 AV,
742 4599 921 4654 Continuenda
933 4596 994 4648 ΒΜ
1041 4597 1181 4649 labascunt
1193 4596 1306 4648 Areaclo
1376 4596 1407 4648 41
1421 4597 1576 4666 Mentib(ua)
1589 4600 1762 4668 AB,correa·i
1830 4608 2044 4660 ineiditdmulc

425 4699 505 4760 caput
524 4690 589 4758 AM,
608 4689 699 4758 cap(it)
713 4689 739 4740 B
806 4684 841 4738 44
859 4685 962 4750 Quidue
978 4683 1042 4736 lalel
1055 4683 1089 4746 A,
1108 4683 1175 4746 Quid
1193 4681 1294 4747 lctatB
1362 4681 1396 4734 46
1414 4685 1483 4752 ignia
1494 4684 1528 4752 B,
1547 4687 1615 4753 ignia
1627 4706 1694 4742 corr.
1707 4690 1735 4742 a'rt
1747 4693 1840 4746 -ueaA
1910 4691 2045 4748 48113111-

388 4777 461 4846 tc(m)
480 4778 573 4846 turrim)
591 4777 624 4844 B,
643 4785 710 4830 cm.
724 4775 772 4828 Μ’
841 4774 912 4826 colun
930 4773 962 4839 B,
980 4788 1048 4823 corr.
1062 4769 1177 4822 Areuclo

495 4931 528 4986 18
551 4931 657 4988 colores
675 4933 816 4997 comparat
838 4927 903 4982 circi
924 4925 1056 4993 fodicare
1073 4922 1173 4991 (Marc.
1187 4921 1251 4992 Cap.
1264 4930 1288 4991 1,
1302 4926 1374 4993 187),
1396 4925 1498 4998 cupitor
1518 4925 1549 4980 dc
1565 4932 1697 4996 quantuor
1714 4928 1789 4998 cqrrr'e
1806 4929 1888 4998 Solia,-
1909 4929 1944 4997 as.
1958 4930 2045 4988 Mart.

391 5033 455 5104 Gap.
476 5041 566 5104 2189
591 5037 725 5105 quattuor
748 5031 875 5103 alipedes
897 5031 996 5086 dicunt
1020 5033 1049 5085 te
1071 5028 1183 5085 flectere
1207 5027 1338 5095 habenis,
1366 5030 1441 5100 quod
1462 5031 1537 5087 aolus
1560 5031 1679 5090 domiter
1703 5051 1789 5104 quam
1811 5033 1883 5089 dant
1904 5033 2045 5092 elementa

389 5137 566 5211 quadrigam.
605 5139 712 5210 Cortpp.
730 5139 797 5194 Iaat.
816 5145 838 5203 1,
854 5143 901 5193 316
918 5139 1025 5207 patrea,
1050 5135 1098 5204 qui
1122 5137 1257 5204 quattuor
1275 5151 1334 5191 ersa
1352 5135 1419 5192 aolie
1436 5153 1522 5206 equos
1535 5177 1541 5192 .
1555 5177 1578 5195 ..
1598 5138 1752 5210 putabant,
1770 5141 1899 5210 tempora
1917 5139 2044 5196 continui

390 5244 537 5316 signanter
555 5249 690 5314 quattuor
707 5243 788 5310 anni,
812 5243 841 5298 in
859 5259 977 5312 quorum
995 5241 1117 5312 speciem
1131 5284 1137 5297 .
1151 5282 1178 5297 ..
1196 5241 1309 5313 aurigae
1327 5241 1458 5309 totidem,
1476 5243 1595 5300 totidem
1613 5261 1730 5315 posuere
1748 5244 1854 5300 colores
1871 5261 1923 5314 cqc.
1943 5309 1944 5312 Ἴ
1961 5243 2044 5316 Falp.

389 5347 470 5420 myth.
485 5357 506 5414 1,
521 5355 551 5403 11
561 5365 590 5418 p.
609 5353 691 5417 23,11
711 5347 789 5402 Halm
869 5347 904 5403 24
921 5345 1013 5402 Scdul.
1027 5355 1050 5415 1,
1063 5353 1095 5401 66
1112 5344 1261 5418 imperium
1279 5346 1338 5402 sine
1356 5347 1410 5403 linc
1428 5351 1524 5404 manet
1536 5349 1581 5418 (aa
1595 5349 1670 5422 Vcrp.
1683 5351 1752 5406 Aca.
1766 5359 1787 5419 1,
1801 5351 1870 5419 279),
1888 5367 1911 5405 a.
1924 5349 2046 5420 Hucmcr

389 5452 427 5506 ad
443 5453 563 5521 l.p.367
648 5453 682 5509 25
699 5452 734 5520 cf.
751 5461 773 5522 1,
790 5459 845 5510 231.
863 5459 951 5522 3340
968 5450 1081 5522 aopaoa
1095 5459 1144 5518 1,6
1162 5451 1210 5520 qui
1233 5451 1353 5507 adorant
1370 5469 1454 5522 anper
1471 5455 1549 5509 tecta
1566 5452 1699 5509 militiam
1718 5453 1790 5510 caeli
1876 5453 1911 5509 28
1928 5455 2045 5523 efflatu

389 5560 414 5610 cl
431 5555 514 5612 Anda.
528 5563 613 5622 718‚6
681 5557 716 5613 30
734 5567 756 5626 1,
769 5564 802 5612 22
818 5557 872 5612 fine
891 5573 987 5612 carena
1000 5554 1153 5627 primordia
1169 5554 1259 5611 nescit
1328 5557 1363 5612 33
1377 5557 1450 5628 Very.
1465 5561 1532 5613 Aac.
1544 5567 1569 5627 6,
1582 5566 1630 5614 wc
1642 5557 1757 5630 spiritua
1775 5557 1851 5614 intur
1870 5558 1923 5614 alit
1940 5562 2044 5615 totam·

389 5677 443 5730 que
456 5699 483 5714 ..
499 5700 505 5716 .
523 5677 601 5716 mana
619 5661 713 5732 agitat
724 5660 827 5717 molem
895 5663 930 5716 42
952 5661 998 5718 Or.
1012 5669 1061 5717 668
1072 5663 1188 5730 pectora
1206 5677 1253 5716 cer
1264 5677 1359 5716 aenaue
1371 5661 1496 5720 animum
1508 5663 1672 5735 praecordia
1683 5665 1805 5719 mentem
1874 5663 1909 5718 46
1921 5663 1957 5730 cf.
1971 5669 1995 5734 2,
2008 5668 2046 5719 18
