<?xml version="1.0" encoding="UTF-8"?>
<!DOCTYPE html PUBLIC "-//W3C//DTD XHTML 1.0 Transitional//EN"
    "http://www.w3.org/TR/xhtml1/DTD/xhtml1-transitional.dtd">
<html xmlns="http://www.w3.org/1999/xhtml" xml:lang="en" lang="en">
 <head>
  <title>
</title>
<meta http-equiv="Content-Type" content="text/html;charset=utf-8" />
  <meta name='ocr-system' content='tesseract 3.04.00' />
  <meta name='ocr-capabilities' content='ocr_page ocr_carea ocr_par ocr_line ocrx_word'/>
</head>
<body>
  <div class='ocr_page' id='page_1' title='image "./monumentagerman05unkngoog/monumentagerman05unkngoog_0092.png"; bbox 0 0 4568 6396; ppageno 0'>
   <div class='ocr_carea' id='block_1_1' title="bbox 800 371 1243 430">
    <p class='ocr_par' dir='ltr' id='par_1_1' title="bbox 800 371 1243 430">
     <span class='ocr_line' id='line_1_1' title="bbox 800 371 1243 430; baseline 0.007 -2"><span class='ocrx_word' id='word_1_1' title='bbox 800 371 951 428; x_wconf 82' lang='lat' dir='ltr'><strong>EVGllNII</strong></span> <span class='ocrx_word' id='word_1_2' title='bbox 986 373 1243 430; x_wconf 81' lang='lat' dir='ltr'>HEXAEMERON</span> 
     </span>
    </p>
   </div>
   <div class='ocr_carea' id='block_1_2' title="bbox 463 548 1560 3872">
    <p class='ocr_par' dir='ltr' id='par_1_2' title="bbox 606 548 1388 616">
     <span class='ocr_line' id='line_1_2' title="bbox 606 548 1388 616; baseline 0 0"><span class='ocrx_word' id='word_1_3' title='bbox 606 549 720 616; x_wconf 89' lang='lat' dir='ltr'><strong>hortus</strong></span> <span class='ocrx_word' id='word_1_4' title='bbox 743 549 776 614; x_wconf 93' lang='lat' dir='ltr'><strong>in</strong></span> <span class='ocrx_word' id='word_1_5' title='bbox 799 548 877 615; x_wconf 91' lang='lat' dir='ltr'><strong>orbe</strong></span> <span class='ocrx_word' id='word_1_6' title='bbox 900 549 954 615; x_wconf 95' lang='lat' dir='ltr'><strong>dei</strong></span> <span class='ocrx_word' id='word_1_7' title='bbox 978 550 1102 615; x_wconf 90' lang='lat' dir='ltr'><strong>cunctis</strong></span> <span class='ocrx_word' id='word_1_8' title='bbox 1125 549 1251 616; x_wconf 79' lang='lat' dir='ltr'><strong>felicior</strong></span> <span class='ocrx_word' id='word_1_9' title='bbox 1274 549 1388 616; x_wconf 91' lang='lat' dir='ltr'><strong>hortis.</strong></span> 
     </span>
    </p>

    <p class='ocr_par' dir='ltr' id='par_1_3' title="bbox 539 654 1477 845">
     <span class='ocr_line' id='line_1_3' title="bbox 606 654 1477 742; baseline -0.002 -22"><span class='ocrx_word' id='word_1_10' title='bbox 606 656 731 721; x_wconf 87' lang='lat' dir='ltr'><strong>fructus</strong></span> <span class='ocrx_word' id='word_1_11' title='bbox 754 655 842 720; x_wconf 92' lang='lat' dir='ltr'><strong>inest</strong></span> <span class='ocrx_word' id='word_1_12' title='bbox 863 654 952 738; x_wconf 86' lang='lat' dir='ltr'><strong>anni,</strong></span> <span class='ocrx_word' id='word_1_13' title='bbox 976 675 1050 719; x_wconf 91' lang='lat' dir='ltr'><strong>cum</strong></span> <span class='ocrx_word' id='word_1_14' title='bbox 1072 660 1221 742; x_wconf 85' lang='lat' dir='ltr'><strong>tempora</strong></span> <span class='ocrx_word' id='word_1_15' title='bbox 1243 655 1367 720; x_wconf 87' lang='lat' dir='ltr'><strong>nesciat</strong></span> <span class='ocrx_word' id='word_1_16' title='bbox 1389 654 1477 720; x_wconf 86' lang='lat' dir='ltr'><strong>anni.</strong></span> 
     </span>
     <span class='ocr_line' id='line_1_4' title="bbox 539 758 1439 845; baseline 0 -21"><span class='ocrx_word' id='word_1_17' title='bbox 539 773 577 813; x_wconf 74' lang='lat'><strong>¹⁸³</strong></span> <span class='ocrx_word' id='word_1_18' title='bbox 607 759 675 824; x_wconf 90' lang='lat' dir='ltr'><strong>illic</strong></span> <span class='ocrx_word' id='word_1_19' title='bbox 698 760 792 824; x_wconf 90' lang='lat' dir='ltr'><strong>floret</strong></span> <span class='ocrx_word' id='word_1_20' title='bbox 814 758 932 824; x_wconf 90' lang='lat' dir='ltr'><strong>humus</strong></span> <span class='ocrx_word' id='word_1_21' title='bbox 956 777 1087 845; x_wconf 88' lang='lat' dir='ltr'><strong>semper</strong></span> <span class='ocrx_word' id='word_1_22' title='bbox 1109 759 1168 824; x_wconf 91' lang='lat' dir='ltr'><strong>sub</strong></span> <span class='ocrx_word' id='word_1_23' title='bbox 1191 779 1269 824; x_wconf 83' lang='lat' dir='ltr'><strong>vere</strong></span> <span class='ocrx_word' id='word_1_24' title='bbox 1292 759 1439 845; x_wconf 87' lang='lat' dir='ltr'><strong>pereuni,</strong></span> 
     </span>
    </p>

    <p class='ocr_par' dir='ltr' id='par_1_4' title="bbox 606 861 1412 944">
     <span class='ocr_line' id='line_1_5' title="bbox 606 861 1412 944; baseline -0.001 -15"><span class='ocrx_word' id='word_1_25' title='bbox 606 863 752 930; x_wconf 77' lang='lat' dir='ltr'>arboreis</span> <span class='ocrx_word' id='word_1_26' title='bbox 774 862 850 928; x_wconf 90' lang='lat' dir='ltr'><strong>hinc</strong></span> <span class='ocrx_word' id='word_1_27' title='bbox 873 861 949 928; x_wconf 92' lang='lat' dir='ltr'><strong>inde</strong></span> <span class='ocrx_word' id='word_1_28' title='bbox 973 862 1075 928; x_wconf 89' lang='lat' dir='ltr'><strong>comis</strong></span> <span class='ocrx_word' id='word_1_29' title='bbox 1097 862 1235 928; x_wconf 84' lang='lat' dir='ltr'><strong>vcstitur</strong></span> <span class='ocrx_word' id='word_1_30' title='bbox 1256 863 1412 944; x_wconf 88' lang='lat' dir='ltr'><strong>amoenis,</strong></span> 
     </span>
    </p>

    <p class='ocr_par' dir='ltr' id='par_1_5' title="bbox 468 966 1560 1263">
     <span class='ocr_line' id='line_1_6' title="bbox 468 966 1399 1055; baseline 0.005 -28"><span class='ocrx_word' id='word_1_31' title='bbox 468 968 503 1027; x_wconf 79' lang='lat'><strong>70</strong></span> <span class='ocrx_word' id='word_1_32' title='bbox 606 966 773 1033; x_wconf 79' lang='lat' dir='ltr'>frondibus</span> <span class='ocrx_word' id='word_1_33' title='bbox 797 967 933 1033; x_wconf 79' lang='lat' dir='ltr'><strong>intextis</strong></span> <span class='ocrx_word' id='word_1_34' title='bbox 955 987 1120 1032; x_wconf 88' lang='lat' dir='ltr'><strong>ramorum</strong></span> <span class='ocrx_word' id='word_1_35' title='bbox 1142 989 1253 1032; x_wconf 90' lang='lat' dir='ltr'><strong>murus</strong></span> <span class='ocrx_word' id='word_1_36' title='bbox 1277 987 1399 1055; x_wconf 89' lang='lat' dir='ltr'><strong>opacus</strong></span> 
     </span>
     <span class='ocr_line' id='line_1_7' title="bbox 608 1070 1560 1160; baseline -0.001 -23"><span class='ocrx_word' id='word_1_37' title='bbox 608 1071 780 1160; x_wconf 89' lang='lat' dir='ltr'><strong>stringitur</strong></span> <span class='ocrx_word' id='word_1_38' title='bbox 802 1077 902 1158; x_wconf 86' lang='lat' dir='ltr'><strong>atquc</strong></span> <span class='ocrx_word' id='word_1_39' title='bbox 926 1092 1040 1138; x_wconf 90' lang='lat' dir='ltr'><strong>omnes</strong></span> <span class='ocrx_word' id='word_1_40' title='bbox 1064 1070 1210 1159; x_wconf 89' lang='lat' dir='ltr'><strong>pendent</strong></span> <span class='ocrx_word' id='word_1_41' title='bbox 1233 1093 1275 1137; x_wconf 88' lang='lat' dir='ltr'><strong>ex</strong></span> <span class='ocrx_word' id='word_1_42' title='bbox 1298 1071 1414 1156; x_wconf 86' lang='lat' dir='ltr'><strong>arbore</strong></span> <span class='ocrx_word' id='word_1_43' title='bbox 1436 1071 1560 1136; x_wconf 87' lang='lat' dir='ltr'><strong>fructus</strong></span> 
     </span>
     <span class='ocr_line' id='line_1_8' title="bbox 608 1175 1471 1263; baseline -0.003 -21"><span class='ocrx_word' id='word_1_44' title='bbox 608 1181 642 1242; x_wconf 92' lang='lat' dir='ltr'><strong>et</strong></span> <span class='ocrx_word' id='word_1_45' title='bbox 663 1176 787 1263; x_wconf 90' lang='lat' dir='ltr'><strong>passim</strong></span> <span class='ocrx_word' id='word_1_46' title='bbox 810 1197 870 1262; x_wconf 91' lang='lat' dir='ltr'><strong>per</strong></span> <span class='ocrx_word' id='word_1_47' title='bbox 892 1181 986 1262; x_wconf 86' lang='lat' dir='ltr'><strong>prata</strong></span> <span class='ocrx_word' id='word_1_48' title='bbox 1007 1176 1126 1242; x_wconf 85' lang='lat' dir='ltr'><strong>iacent.</strong></span> <span class='ocrx_word' id='word_1_49' title='bbox 1149 1197 1215 1242; x_wconf 93' lang='lat' dir='ltr'><strong>non</strong></span> <span class='ocrx_word' id='word_1_50' title='bbox 1238 1176 1318 1242; x_wconf 89' lang='lat' dir='ltr'><strong>solis</strong></span> <span class='ocrx_word' id='word_1_51' title='bbox 1344 1175 1471 1241; x_wconf 76' lang='lat' dir='ltr'><strong>anhelis</strong></span> 
     </span>
    </p>

    <p class='ocr_par' dir='ltr' id='par_1_6' title="bbox 536 1279 1516 1472">
     <span class='ocr_line' id='line_1_9' title="bbox 536 1279 1516 1366; baseline -0.001 -21"><span class='ocrx_word' id='word_1_52' title='bbox 536 1294 576 1335; x_wconf 81' lang='lat'><strong>1⁹⁰</strong></span> <span class='ocrx_word' id='word_1_53' title='bbox 604 1281 787 1346; x_wconf 88' lang='lat' dir='ltr'><strong>flammatur</strong></span> <span class='ocrx_word' id='word_1_54' title='bbox 808 1279 919 1362; x_wconf 88' lang='lat' dir='ltr'><strong>radiis,</strong></span> <span class='ocrx_word' id='word_1_55' title='bbox 942 1280 1087 1366; x_wconf 89' lang='lat' dir='ltr'><strong>quatitur</strong></span> <span class='ocrx_word' id='word_1_56' title='bbox 1108 1301 1169 1346; x_wconf 88' lang='lat' dir='ltr'><strong>nec</strong></span> <span class='ocrx_word' id='word_1_57' title='bbox 1191 1279 1321 1345; x_wconf 84' lang='lat' dir='ltr'><strong>flatibus</strong></span> <span class='ocrx_word' id='word_1_58' title='bbox 1342 1279 1419 1344; x_wconf 87' lang='lat' dir='ltr'><strong>ullis</strong></span> <span class='ocrx_word' id='word_1_59' title='bbox 1514 1301 1516 1306; x_wconf 71' lang='grc'>’</span> 
     </span>
     <span class='ocr_line' id='line_1_10' title="bbox 605 1383 1366 1472; baseline -0.004 -20"><span class='ocrx_word' id='word_1_60' title='bbox 605 1407 667 1452; x_wconf 90' lang='lat' dir='ltr'><strong>nee</strong></span> <span class='ocrx_word' id='word_1_61' title='bbox 689 1387 867 1452; x_wconf 86' lang='lat' dir='ltr'><strong>coniuratis</strong></span> <span class='ocrx_word' id='word_1_62' title='bbox 889 1385 967 1452; x_wconf 88' lang='lat' dir='ltr'><strong>furit</strong></span> <span class='ocrx_word' id='word_1_63' title='bbox 990 1386 1058 1450; x_wconf 91' lang='lat' dir='ltr'><strong>illic</strong></span> <span class='ocrx_word' id='word_1_64' title='bbox 1080 1383 1174 1450; x_wconf 89' lang='lat' dir='ltr'><strong>turbo</strong></span> <span class='ocrx_word' id='word_1_65' title='bbox 1197 1385 1366 1472; x_wconf 88' lang='lat' dir='ltr'><strong>procellis;</strong></span> 
     </span>
    </p>

    <p class='ocr_par' dir='ltr' id='par_1_7' title="bbox 467 1489 1515 1786">
     <span class='ocr_line' id='line_1_11' title="bbox 467 1489 1515 1577; baseline -0.003 -21"><span class='ocrx_word' id='word_1_66' title='bbox 467 1489 501 1546; x_wconf 88' lang='grc'><strong>75</strong></span> <span class='ocrx_word' id='word_1_67' title='bbox 606 1511 670 1556; x_wconf 93' lang='lat' dir='ltr'><strong>non</strong></span> <span class='ocrx_word' id='word_1_68' title='bbox 693 1491 818 1577; x_wconf 88' lang='lat' dir='ltr'><strong>glacies</strong></span> <span class='ocrx_word' id='word_1_69' title='bbox 842 1489 989 1556; x_wconf 88' lang='lat' dir='ltr'><strong>districta</strong></span> <span class='ocrx_word' id='word_1_70' title='bbox 1011 1489 1132 1574; x_wconf 88' lang='lat' dir='ltr'><strong>domat,</strong></span> <span class='ocrx_word' id='word_1_71' title='bbox 1154 1511 1220 1556; x_wconf 89' lang='lat' dir='ltr'><strong>nou</strong></span> <span class='ocrx_word' id='word_1_72' title='bbox 1242 1489 1409 1576; x_wconf 77' lang='lat' dir='ltr'><strong>grandinis</strong></span> <span class='ocrx_word' id='word_1_73' title='bbox 1432 1489 1515 1554; x_wconf 91' lang='lat' dir='ltr'><strong>ictus</strong></span> 
     </span>
     <span class='ocr_line' id='line_1_12' title="bbox 607 1593 1455 1682; baseline -0.002 -22"><span class='ocrx_word' id='word_1_74' title='bbox 607 1595 757 1662; x_wconf 81' lang='lat' dir='ltr'><strong>verberat</strong></span> <span class='ocrx_word' id='word_1_75' title='bbox 780 1599 837 1660; x_wconf 87' lang='lat' dir='ltr'><strong>aut</strong></span> <span class='ocrx_word' id='word_1_76' title='bbox 859 1593 977 1682; x_wconf 85' lang='lat' dir='ltr'><strong>gelidis</strong></span> <span class='ocrx_word' id='word_1_77' title='bbox 1001 1599 1181 1659; x_wconf 88' lang='lat' dir='ltr'><strong>canescunt</strong></span> <span class='ocrx_word' id='word_1_78' title='bbox 1202 1597 1298 1680; x_wconf 88' lang='lat' dir='ltr'><strong>prata</strong></span> <span class='ocrx_word' id='word_1_79' title='bbox 1320 1593 1455 1680; x_wconf 87' lang='lat' dir='ltr'><strong>pruinis,</strong></span> 
     </span>
     <span class='ocr_line' id='line_1_13' title="bbox 606 1697 1500 1786; baseline -0.004 -19"><span class='ocrx_word' id='word_1_80' title='bbox 606 1707 683 1767; x_wconf 86' lang='lat' dir='ltr'><strong>sunt</strong></span> <span class='ocrx_word' id='word_1_81' title='bbox 703 1700 751 1766; x_wconf 91' lang='lat' dir='ltr'><strong>ibi</strong></span> <span class='ocrx_word' id='word_1_82' title='bbox 774 1699 834 1766; x_wconf 91' lang='lat' dir='ltr'><strong>sed</strong></span> <span class='ocrx_word' id='word_1_83' title='bbox 856 1697 978 1786; x_wconf 85' lang='lat' dir='ltr'><strong>placidi</strong></span> <span class='ocrx_word' id='word_1_84' title='bbox 1000 1697 1136 1779; x_wconf 89' lang='lat' dir='ltr'><strong>fructus,</strong></span> <span class='ocrx_word' id='word_1_85' title='bbox 1161 1717 1243 1783; x_wconf 92' lang='lat' dir='ltr'><strong>quos</strong></span> <span class='ocrx_word' id='word_1_86' title='bbox 1267 1697 1396 1762; x_wconf 89' lang='lat' dir='ltr'><strong>mollior</strong></span> <span class='ocrx_word' id='word_1_87' title='bbox 1418 1717 1500 1763; x_wconf 87' lang='lat' dir='ltr'><strong>aura</strong></span> 
     </span>
    </p>

    <p class='ocr_par' dir='ltr' id='par_1_8' title="bbox 537 1801 1459 1992">
     <span class='ocr_line' id='line_1_14' title="bbox 537 1801 1404 1890; baseline -0.006 -17"><span class='ocrx_word' id='word_1_88' title='bbox 537 1819 575 1860; x_wconf 76' lang='lat'><strong>¹⁹⁶</strong></span> <span class='ocrx_word' id='word_1_89' title='bbox 606 1805 710 1873; x_wconf 78' lang='lat' dir='ltr'><strong>edidit</strong></span> <span class='ocrx_word' id='word_1_90' title='bbox 732 1824 916 1890; x_wconf 84' lang='lat' dir='ltr'><strong>exsurgens</strong></span> <span class='ocrx_word' id='word_1_91' title='bbox 938 1801 1048 1868; x_wconf 92' lang='lat' dir='ltr'><strong>nitidis</strong></span> <span class='ocrx_word' id='word_1_92' title='bbox 1072 1802 1113 1868; x_wconf 89' lang='lat' dir='ltr'><strong>dc</strong></span> <span class='ocrx_word' id='word_1_93' title='bbox 1136 1802 1281 1869; x_wconf 89' lang='lat' dir='ltr'><strong>fontibus</strong></span> <span class='ocrx_word' id='word_1_94' title='bbox 1304 1802 1404 1879; x_wconf 91' lang='lat' dir='ltr'><strong>horti;</strong></span> 
     </span>
     <span class='ocr_line' id='line_1_15' title="bbox 604 1906 1459 1992; baseline -0.001 -18"><span class='ocrx_word' id='word_1_95' title='bbox 604 1908 774 1974; x_wconf 77' lang='lat' dir='ltr'><strong>arboribus</strong></span> <span class='ocrx_word' id='word_1_96' title='bbox 796 1913 907 1974; x_wconf 89' lang='lat' dir='ltr'><strong>movet</strong></span> <span class='ocrx_word' id='word_1_97' title='bbox 927 1907 985 1972; x_wconf 86' lang='lat' dir='ltr'><strong>illa</strong></span> <span class='ocrx_word' id='word_1_98' title='bbox 1008 1928 1128 1992; x_wconf 85' lang='lat' dir='ltr'><strong>comas,</strong></span> <span class='ocrx_word' id='word_1_99' title='bbox 1152 1906 1193 1973; x_wconf 91' lang='lat' dir='ltr'><strong>de</strong></span> <span class='ocrx_word' id='word_1_100' title='bbox 1215 1908 1346 1974; x_wconf 89' lang='lat' dir='ltr'><strong>flamine</strong></span> <span class='ocrx_word' id='word_1_101' title='bbox 1369 1907 1459 1974; x_wconf 92' lang='lat' dir='ltr'><strong>molli</strong></span> 
     </span>
    </p>

    <p class='ocr_par' dir='ltr' id='par_1_9' title="bbox 466 2010 1486 2308">
     <span class='ocr_line' id='line_1_16' title="bbox 466 2010 1437 2100; baseline 0 -22"><span class='ocrx_word' id='word_1_102' title='bbox 466 2010 501 2070; x_wconf 86' lang='grc'><strong>89</strong></span> <span class='ocrx_word' id='word_1_103' title='bbox 604 2011 774 2079; x_wconf 81' lang='lat' dir='ltr'><strong>frondibus</strong></span> <span class='ocrx_word' id='word_1_104' title='bbox 796 2012 936 2099; x_wconf 90' lang='lat' dir='ltr'><strong>inpulsis</strong></span> <span class='ocrx_word' id='word_1_105' title='bbox 958 2011 1124 2078; x_wconf 90' lang='lat' dir='ltr'><strong>inmobilis</strong></span> <span class='ocrx_word' id='word_1_106' title='bbox 1146 2011 1263 2078; x_wconf 87' lang='lat' dir='ltr'><strong>umbra</strong></span> <span class='ocrx_word' id='word_1_107' title='bbox 1285 2017 1437 2100; x_wconf 87' lang='lat' dir='ltr'><strong>vagatur:</strong></span> 
     </span>
     <span class='ocr_line' id='line_1_17' title="bbox 604 2116 1486 2204; baseline 0.001 -22"><span class='ocrx_word' id='word_1_108' title='bbox 604 2118 740 2184; x_wconf 88' lang='lat' dir='ltr'><strong>fluctuat</strong></span> <span class='ocrx_word' id='word_1_109' title='bbox 762 2117 867 2182; x_wconf 90' lang='lat' dir='ltr'><strong>omnis</strong></span> <span class='ocrx_word' id='word_1_110' title='bbox 890 2116 993 2182; x_wconf 91' lang='lat' dir='ltr'><strong>bonos</strong></span> <span class='ocrx_word' id='word_1_111' title='bbox 1016 2122 1051 2182; x_wconf 91' lang='lat' dir='ltr'><strong>et</strong></span> <span class='ocrx_word' id='word_1_112' title='bbox 1072 2121 1189 2182; x_wconf 89' lang='lat' dir='ltr'><strong>nutant</strong></span> <span class='ocrx_word' id='word_1_113' title='bbox 1212 2116 1355 2204; x_wconf 84' lang='lat' dir='ltr'><strong>pendulo</strong></span> <span class='ocrx_word' id='word_1_114' title='bbox 1377 2137 1486 2204; x_wconf 88' lang='lat' dir='ltr'><strong>poma.</strong></span> 
     </span>
     <span class='ocr_line' id='line_1_18' title="bbox 604 2221 1478 2308; baseline -0.001 -21"><span class='ocrx_word' id='word_1_115' title='bbox 604 2243 663 2288; x_wconf 84' lang='lat' dir='ltr'><strong>ver</strong></span> <span class='ocrx_word' id='word_1_116' title='bbox 684 2221 730 2288; x_wconf 93' lang='lat' dir='ltr'><strong>ibi</strong></span> <span class='ocrx_word' id='word_1_117' title='bbox 753 2226 948 2308; x_wconf 89' lang='lat' dir='ltr'><strong>perpetuum</strong></span> <span class='ocrx_word' id='word_1_118' title='bbox 973 2242 1161 2287; x_wconf 87' lang='lat' dir='ltr'><strong>communes</strong></span> <span class='ocrx_word' id='word_1_119' title='bbox 1184 2226 1348 2308; x_wconf 84' lang='lat' dir='ltr'><strong>temperet</strong></span> <span class='ocrx_word' id='word_1_120' title='bbox 1371 2242 1478 2302; x_wconf 87' lang='lat' dir='ltr'><strong>auras,</strong></span> 
     </span>
    </p>

    <p class='ocr_par' dir='ltr' id='par_1_10' title="bbox 536 2325 1479 2517">
     <span class='ocr_line' id='line_1_19' title="bbox 536 2325 1479 2412; baseline -0.003 -19"><span class='ocrx_word' id='word_1_121' title='bbox 536 2339 576 2380; x_wconf 81' lang='lat'><strong>²⁰⁰</strong></span> <span class='ocrx_word' id='word_1_122' title='bbox 605 2347 647 2393; x_wconf 90' lang='lat' dir='ltr'><strong>ne</strong></span> <span class='ocrx_word' id='word_1_123' title='bbox 670 2325 781 2392; x_wconf 88' lang='lat' dir='ltr'><strong>laedet</strong></span> <span class='ocrx_word' id='word_1_124' title='bbox 803 2325 898 2392; x_wconf 89' lang='lat' dir='ltr'><strong>flores</strong></span> <span class='ocrx_word' id='word_1_125' title='bbox 923 2330 957 2390; x_wconf 91' lang='lat' dir='ltr'><strong>et</strong></span> <span class='ocrx_word' id='word_1_126' title='bbox 978 2330 1015 2391; x_wconf 88' lang='lat' dir='ltr'><strong>ut</strong></span> <span class='ocrx_word' id='word_1_127' title='bbox 1038 2325 1146 2390; x_wconf 92' lang='lat' dir='ltr'><strong>omnia</strong></span> <span class='ocrx_word' id='word_1_128' title='bbox 1168 2345 1266 2412; x_wconf 86' lang='lat' dir='ltr'><strong>poma</strong></span> <span class='ocrx_word' id='word_1_129' title='bbox 1288 2332 1479 2412; x_wconf 88' lang='lat' dir='ltr'><strong>coquantur.</strong></span> 
     </span>
     <span class='ocr_line' id='line_1_20' title="bbox 603 2427 1431 2517; baseline -0.004 -21"><span class='ocrx_word' id='word_1_130' title='bbox 603 2450 668 2496; x_wconf 91' lang='lat' dir='ltr'><strong>non</strong></span> <span class='ocrx_word' id='word_1_131' title='bbox 690 2427 806 2517; x_wconf 89' lang='lat' dir='ltr'><strong>apibus</strong></span> <span class='ocrx_word' id='word_1_132' title='bbox 828 2430 921 2496; x_wconf 89' lang='lat' dir='ltr'><strong>labor</strong></span> <span class='ocrx_word' id='word_1_133' title='bbox 944 2434 997 2496; x_wconf 93' lang='lat' dir='ltr'><strong>est</strong></span> <span class='ocrx_word' id='word_1_134' title='bbox 1019 2430 1104 2496; x_wconf 90' lang='lat' dir='ltr'><strong>ceris</strong></span> <span class='ocrx_word' id='word_1_135' title='bbox 1126 2430 1268 2496; x_wconf 90' lang='lat' dir='ltr'><strong>formare</strong></span> <span class='ocrx_word' id='word_1_136' title='bbox 1291 2430 1431 2496; x_wconf 88' lang='lat' dir='ltr'><strong>cicutas:</strong></span> 
     </span>
    </p>

    <p class='ocr_par' dir='ltr' id='par_1_11' title="bbox 465 2533 1425 2830">
     <span class='ocr_line' id='line_1_21' title="bbox 465 2533 1393 2602; baseline -0.001 -2"><span class='ocrx_word' id='word_1_137' title='bbox 465 2533 500 2589; x_wconf 88' lang='lat'><strong>85</strong></span> <span class='ocrx_word' id='word_1_138' title='bbox 604 2535 748 2602; x_wconf 85' lang='lat' dir='ltr'><strong>nectaris</strong></span> <span class='ocrx_word' id='word_1_139' title='bbox 771 2534 920 2601; x_wconf 86' lang='lat' dir='ltr'><strong>aetherei</strong></span> <span class='ocrx_word' id='word_1_140' title='bbox 943 2534 1063 2600; x_wconf 87' lang='lat' dir='ltr'><strong>sudant</strong></span> <span class='ocrx_word' id='word_1_141' title='bbox 1086 2557 1130 2600; x_wconf 82' lang='lat' dir='ltr'><strong>ex</strong></span> <span class='ocrx_word' id='word_1_142' title='bbox 1153 2534 1269 2600; x_wconf 89' lang='lat' dir='ltr'><strong>arbore</strong></span> <span class='ocrx_word' id='word_1_143' title='bbox 1293 2535 1393 2600; x_wconf 88' lang='lat' dir='ltr'><strong>mella</strong></span> 
     </span>
     <span class='ocr_line' id='line_1_22' title="bbox 605 2636 1425 2728; baseline -0.001 -23"><span class='ocrx_word' id='word_1_144' title='bbox 605 2645 639 2706; x_wconf 88' lang='lat' dir='ltr'><strong>et</strong></span> <span class='ocrx_word' id='word_1_145' title='bbox 660 2639 806 2726; x_wconf 90' lang='lat' dir='ltr'><strong>pendent</strong></span> <span class='ocrx_word' id='word_1_146' title='bbox 828 2639 916 2705; x_wconf 88' lang='lat' dir='ltr'><strong>loliis</strong></span> <span class='ocrx_word' id='word_1_147' title='bbox 940 2639 1006 2704; x_wconf 93' lang='lat' dir='ltr'><strong>iam</strong></span> <span class='ocrx_word' id='word_1_148' title='bbox 1028 2639 1149 2726; x_wconf 91' lang='lat' dir='ltr'><strong>pocula</strong></span> <span class='ocrx_word' id='word_1_149' title='bbox 1171 2636 1293 2728; x_wconf 81' lang='lat' dir='ltr'><strong>blanda¹</strong></span> <span class='ocrx_word' id='word_1_150' title='bbox 1316 2638 1425 2704; x_wconf 87' lang='lat' dir='ltr'><strong>futura</strong></span> 
     </span>
     <span class='ocr_line' id='line_1_23' title="bbox 602 2742 1389 2830; baseline -0.003 -21"><span class='ocrx_word' id='word_1_151' title='bbox 602 2742 724 2830; x_wconf 90' lang='lat' dir='ltr'><strong>pendet</strong></span> <span class='ocrx_word' id='word_1_152' title='bbox 747 2749 781 2809; x_wconf 90' lang='lat' dir='ltr'><strong>et</strong></span> <span class='ocrx_word' id='word_1_153' title='bbox 804 2747 935 2830; x_wconf 87' lang='lat' dir='ltr'><strong>optatae</strong></span> <span class='ocrx_word' id='word_1_154' title='bbox 957 2743 1055 2808; x_wconf 80' lang='lat' dir='ltr'><strong>vivax</strong></span> <span class='ocrx_word' id='word_1_155' title='bbox 1077 2742 1239 2809; x_wconf 89' lang='lat' dir='ltr'><strong>medicina</strong></span> <span class='ocrx_word' id='word_1_156' title='bbox 1260 2743 1389 2808; x_wconf 85' lang='lat' dir='ltr'><strong>salutis:</strong></span> 
     </span>
    </p>

    <p class='ocr_par' dir='ltr' id='par_1_12' title="bbox 535 2847 1517 3038">
     <span class='ocr_line' id='line_1_24' title="bbox 535 2847 1306 2934; baseline -0.001 -20"><span class='ocrx_word' id='word_1_157' title='bbox 535 2861 573 2901; x_wconf 60' lang='grc' dir='ltr'>Μ</span> <span class='ocrx_word' id='word_1_158' title='bbox 604 2853 716 2914; x_wconf 89' lang='lat' dir='ltr'><strong>cetera</strong></span> <span class='ocrx_word' id='word_1_159' title='bbox 739 2847 888 2934; x_wconf 78' lang='lat' dir='ltr'><strong>depingit</strong></span> <span class='ocrx_word' id='word_1_160' title='bbox 909 2847 1010 2914; x_wconf 84' lang='lat' dir='ltr'><strong>variis</strong></span> <span class='ocrx_word' id='word_1_161' title='bbox 1033 2847 1160 2934; x_wconf 88' lang='lat' dir='ltr'><strong>pictura</strong></span> <span class='ocrx_word' id='word_1_162' title='bbox 1183 2847 1306 2934; x_wconf 88' lang='lat' dir='ltr'><strong>figuris.</strong></span> 
     </span>
     <span class='ocr_line' id='line_1_25' title="bbox 689 2949 1517 3038; baseline 0 -22"><span class='ocrx_word' id='word_1_163' title='bbox 689 2972 839 3018; x_wconf 89' lang='lat' dir='ltr'><strong>aurorem</strong></span> <span class='ocrx_word' id='word_1_164' title='bbox 861 2953 927 3017; x_wconf 87' lang='lat' dir='ltr'><strong>ianr</strong></span> <span class='ocrx_word' id='word_1_165' title='bbox 950 2957 1067 3038; x_wconf 89' lang='lat' dir='ltr'><strong>quarta</strong></span> <span class='ocrx_word' id='word_1_166' title='bbox 1089 2951 1160 3017; x_wconf 90' lang='lat' dir='ltr'><strong>dies</strong></span> <span class='ocrx_word' id='word_1_167' title='bbox 1183 2951 1399 3038; x_wconf 85' lang='lat' dir='ltr'><strong>praemiserat</strong></span> <span class='ocrx_word' id='word_1_168' title='bbox 1420 2949 1517 3016; x_wconf 91' lang='lat' dir='ltr'><strong>undis</strong></span> 
     </span>
    </p>

    <p class='ocr_par' dir='ltr' id='par_1_13' title="bbox 464 3055 1458 3351">
     <span class='ocr_line' id='line_1_26' title="bbox 464 3055 1428 3142; baseline 0.002 -20"><span class='ocrx_word' id='word_1_169' title='bbox 464 3055 499 3114; x_wconf 86' lang='grc'><strong>99</strong></span> <span class='ocrx_word' id='word_1_170' title='bbox 602 3061 637 3122; x_wconf 92' lang='lat' dir='ltr'><strong>et</strong></span> <span class='ocrx_word' id='word_1_171' title='bbox 658 3056 813 3122; x_wconf 89' lang='lat' dir='ltr'><strong>rutilante</strong></span> <span class='ocrx_word' id='word_1_172' title='bbox 834 3057 912 3142; x_wconf 93' lang='lat' dir='ltr'><strong>polo</strong></span> <span class='ocrx_word' id='word_1_173' title='bbox 935 3060 1164 3142; x_wconf 78' lang='lat' dir='ltr'><strong>conpresserat</strong></span> <span class='ocrx_word' id='word_1_174' title='bbox 1186 3061 1276 3122; x_wconf 88' lang='lat' dir='ltr'><strong>astra</strong></span> <span class='ocrx_word' id='word_1_175' title='bbox 1298 3055 1428 3124; x_wconf 88' lang='lat' dir='ltr'><strong>rubore.</strong></span> 
     </span>
     <span class='ocr_line' id='line_1_27' title="bbox 601 3159 1458 3246; baseline 0 -21"><span class='ocrx_word' id='word_1_176' title='bbox 601 3181 680 3225; x_wconf 88' lang='lat' dir='ltr'><strong>mox</strong></span> <span class='ocrx_word' id='word_1_177' title='bbox 702 3161 780 3226; x_wconf 89' lang='lat' dir='ltr'><strong>eolis</strong></span> <span class='ocrx_word' id='word_1_178' title='bbox 803 3159 932 3226; x_wconf 87' lang='lat' dir='ltr'><strong>radiare</strong></span> <span class='ocrx_word' id='word_1_179' title='bbox 955 3159 1089 3246; x_wconf 83' lang='lat' dir='ltr'><strong>globum</strong></span> <span class='ocrx_word' id='word_1_180' title='bbox 1112 3159 1204 3226; x_wconf 88' lang='lat' dir='ltr'><strong>iubet</strong></span> <span class='ocrx_word' id='word_1_181' title='bbox 1225 3161 1302 3246; x_wconf 91' lang='lat' dir='ltr'><strong>igne</strong></span> <span class='ocrx_word' id='word_1_182' title='bbox 1326 3160 1458 3236; x_wconf 82' lang='lat' dir='ltr'><strong>salutis3</strong></span> 
     </span>
     <span class='ocr_line' id='line_1_28' title="bbox 602 3263 1430 3351; baseline 0 -23"><span class='ocrx_word' id='word_1_183' title='bbox 602 3265 733 3330; x_wconf 89' lang='lat' dir='ltr'><strong>flamma</strong></span> <span class='ocrx_word' id='word_1_184' title='bbox 756 3263 908 3330; x_wconf 84' lang='lat' dir='ltr'><strong>saluteris</strong></span> <span class='ocrx_word' id='word_1_185' title='bbox 931 3263 1096 3351; x_wconf 90' lang='lat' dir='ltr'><strong>perfundit</strong></span> <span class='ocrx_word' id='word_1_186' title='bbox 1118 3265 1240 3330; x_wconf 90' lang='lat' dir='ltr'><strong>lumine</strong></span> <span class='ocrx_word' id='word_1_187' title='bbox 1264 3263 1430 3346; x_wconf 90' lang='lat' dir='ltr'><strong>mundum,</strong></span> 
     </span>
    </p>

    <p class='ocr_par' dir='ltr' id='par_1_14' title="bbox 533 3367 1464 3558">
     <span class='ocr_line' id='line_1_29' title="bbox 533 3367 1386 3455; baseline 0.001 -22"><span class='ocrx_word' id='word_1_188' title='bbox 533 3381 573 3422; x_wconf 82' lang='lat'><strong>²¹⁰</strong></span> <span class='ocrx_word' id='word_1_189' title='bbox 603 3374 722 3434; x_wconf 87' lang='lat' dir='ltr'><strong>cuncta</strong></span> <span class='ocrx_word' id='word_1_190' title='bbox 744 3368 912 3433; x_wconf 88' lang='lat' dir='ltr'><strong>salutifero</strong></span> <span class='ocrx_word' id='word_1_191' title='bbox 935 3367 1043 3434; x_wconf 86' lang='lat' dir='ltr'><strong>rident</strong></span> <span class='ocrx_word' id='word_1_192' title='bbox 1066 3369 1231 3434; x_wconf 88' lang='lat' dir='ltr'><strong>elementa</strong></span> <span class='ocrx_word' id='word_1_193' title='bbox 1253 3388 1386 3455; x_wconf 79' lang='lat' dir='ltr'><strong>vapore.</strong></span> 
     </span>
     <span class='ocr_line' id='line_1_30' title="bbox 601 3471 1464 3558; baseline -0.002 -20"><span class='ocrx_word' id='word_1_194' title='bbox 601 3473 693 3538; x_wconf 89' lang='lat' dir='ltr'><strong>cuius</strong></span> <span class='ocrx_word' id='word_1_195' title='bbox 716 3471 758 3537; x_wconf 87' lang='lat' dir='ltr'><strong>ab</strong></span> <span class='ocrx_word' id='word_1_196' title='bbox 782 3473 857 3558; x_wconf 90' lang='lat' dir='ltr'><strong>igne</strong></span> <span class='ocrx_word' id='word_1_197' title='bbox 881 3493 942 3538; x_wconf 93' lang='lat' dir='ltr'><strong>suo</strong></span> <span class='ocrx_word' id='word_1_198' title='bbox 965 3473 1077 3538; x_wconf 89' lang='lat' dir='ltr'><strong>lunam</strong></span> <span class='ocrx_word' id='word_1_199' title='bbox 1099 3472 1193 3538; x_wconf 91' lang='lat' dir='ltr'><strong>iubet</strong></span> <span class='ocrx_word' id='word_1_200' title='bbox 1215 3473 1264 3538; x_wconf 89' lang='lat' dir='ltr'><strong>irs</strong></span> <span class='ocrx_word' id='word_1_201' title='bbox 1287 3471 1464 3538; x_wconf 88' lang='lat' dir='ltr'><strong>secundam</strong></span> 
     </span>
    </p>

    <p class='ocr_par' dir='ltr' id='par_1_15' title="bbox 463 3563 1459 3872">
     <span class='ocr_line' id='line_1_31' title="bbox 463 3563 1459 3664; baseline -0.002 -22"><span class='ocrx_word' id='word_1_202' title='bbox 463 3575 497 3632; x_wconf 86' lang='lat'><strong>95</strong></span> <span class='ocrx_word' id='word_1_203' title='bbox 599 3563 693 3662; x_wconf 86' lang='lat' dir='ltr'><strong>nigre</strong></span> <span class='ocrx_word' id='word_1_204' title='bbox 714 3567 923 3642; x_wconf 83' lang='lat' dir='ltr'><strong>tenebrarum</strong></span> <span class='ocrx_word' id='word_1_205' title='bbox 947 3597 1154 3663; x_wconf 87' lang='lat' dir='ltr'><strong>corrumpere</strong></span> <span class='ocrx_word' id='word_1_206' title='bbox 1177 3582 1328 3664; x_wconf 89' lang='lat' dir='ltr'><strong>tempora</strong></span> <span class='ocrx_word' id='word_1_207' title='bbox 1350 3576 1459 3642; x_wconf 89' lang='lat' dir='ltr'><strong>noctis</strong></span> 
     </span>
     <span class='ocr_line' id='line_1_32' title="bbox 601 3679 1446 3768; baseline -0.002 -21"><span class='ocrx_word' id='word_1_208' title='bbox 601 3686 635 3748; x_wconf 91' lang='lat' dir='ltr'><strong>et</strong></span> <span class='ocrx_word' id='word_1_209' title='bbox 656 3680 822 3768; x_wconf 89' lang='lat' dir='ltr'><strong>trepidum</strong></span> <span class='ocrx_word' id='word_1_210' title='bbox 844 3679 991 3767; x_wconf 81' lang='lat' dir='ltr'><strong>proferre</strong></span> <span class='ocrx_word' id='word_1_211' title='bbox 1015 3681 1100 3746; x_wconf 91' lang='lat' dir='ltr'><strong>diem</strong></span> <span class='ocrx_word' id='word_1_212' title='bbox 1124 3682 1302 3746; x_wconf 89' lang='lat' dir='ltr'><strong>comitante</strong></span> <span class='ocrx_word' id='word_1_213' title='bbox 1324 3681 1446 3766; x_wconf 89' lang='lat' dir='ltr'><strong>quiete.</strong></span> 
     </span>
     <span class='ocr_line' id='line_1_33' title="bbox 599 3783 1455 3872; baseline 0 -22"><span class='ocrx_word' id='word_1_214' title='bbox 599 3783 738 3850; x_wconf 88' lang='lat' dir='ltr'><strong>candida</strong></span> <span class='ocrx_word' id='word_1_215' title='bbox 760 3784 952 3872; x_wconf 89' lang='lat' dir='ltr'><strong>somnigeris</strong></span> <span class='ocrx_word' id='word_1_216' title='bbox 975 3785 1152 3872; x_wconf 89' lang='lat' dir='ltr'><strong>perlustret</strong></span> <span class='ocrx_word' id='word_1_217' title='bbox 1174 3785 1324 3852; x_wconf 89' lang='lat' dir='ltr'><strong>cornibus</strong></span> <span class='ocrx_word' id='word_1_218' title='bbox 1347 3805 1455 3867; x_wconf 83' lang='lat' dir='ltr'><strong>exem,</strong></span> 
     </span>
    </p>
   </div>
   <div class='ocr_carea' id='block_1_3' title="bbox 185 4027 1845 4879">
    <p class='ocr_par' dir='ltr' id='par_1_16' title="bbox 185 4027 1845 4442">
     <span class='ocr_line' id='line_1_34' title="bbox 289 4027 1773 4094; baseline -0.001 -12"><span class='ocrx_word' id='word_1_219' title='bbox 289 4028 322 4082; x_wconf 90' lang='grc'><strong>67</strong></span> <span class='ocrx_word' id='word_1_220' title='bbox 340 4036 380 4083; x_wconf 85' lang='lat' dir='ltr'><strong>est</strong></span> <span class='ocrx_word' id='word_1_221' title='bbox 397 4030 487 4082; x_wconf 76' lang='lat' dir='ltr'><strong>insoni</strong></span> <span class='ocrx_word' id='word_1_222' title='bbox 505 4045 565 4082; x_wconf 89' lang='lat' dir='ltr'><strong>cunr</strong></span> <span class='ocrx_word' id='word_1_223' title='bbox 584 4027 616 4094; x_wconf 87' lang='lat' dir='ltr'><strong>L,</strong></span> <span class='ocrx_word' id='word_1_224' title='bbox 636 4030 664 4080; x_wconf 91' lang='lat' dir='ltr'><strong>in</strong></span> <span class='ocrx_word' id='word_1_225' title='bbox 681 4029 756 4081; x_wconf 87' lang='lat' dir='ltr'><strong>annis</strong></span> <span class='ocrx_word' id='word_1_226' title='bbox 773 4037 813 4081; x_wconf 85' lang='lat' dir='ltr'><strong>est</strong></span> <span class='ocrx_word' id='word_1_227' title='bbox 830 4030 863 4082; x_wconf 78' lang='lat' dir='ltr'><strong>cd</strong></span> <span class='ocrx_word' id='word_1_228' title='bbox 884 4029 913 4091; x_wconf 89' lang='grc' dir='ltr'><strong>Ζ,</strong></span> <span class='ocrx_word' id='word_1_229' title='bbox 932 4029 959 4081; x_wconf 92' lang='lat' dir='ltr'><strong>in</strong></span> <span class='ocrx_word' id='word_1_230' title='bbox 977 4045 1059 4082; x_wconf 80' lang='lat' dir='ltr'><strong>anuos</strong></span> <span class='ocrx_word' id='word_1_231' title='bbox 1077 4035 1116 4081; x_wconf 86' lang='lat' dir='ltr'><strong>eet</strong></span> <span class='ocrx_word' id='word_1_232' title='bbox 1133 4029 1173 4081; x_wconf 86' lang='lat' dir='ltr'><strong>cd.</strong></span> <span class='ocrx_word' id='word_1_233' title='bbox 1192 4029 1278 4081; x_wconf 80' lang='lat' dir='ltr'><strong>Mcrel</strong></span> <span class='ocrx_word' id='word_1_234' title='bbox 1380 4027 1415 4080; x_wconf 86' lang='grc'><strong>69</strong></span> <span class='ocrx_word' id='word_1_235' title='bbox 1433 4045 1554 4082; x_wconf 85' lang='lat' dir='ltr'><strong>amoenes</strong></span> <span class='ocrx_word' id='word_1_236' title='bbox 1572 4045 1639 4081; x_wconf 81' lang='lat' dir='ltr'><strong>corr.</strong></span> <span class='ocrx_word' id='word_1_237' title='bbox 1657 4029 1730 4080; x_wconf 78' lang='lat' dir='ltr'><strong>ier-is</strong></span> <span class='ocrx_word' id='word_1_238' title='bbox 1750 4027 1773 4092; x_wconf 81' lang='lat' dir='ltr'><strong><em>Q</em></strong></span> 
     </span>
     <span class='ocr_line' id='line_1_35' title="bbox 186 4113 1841 4184; baseline -0.001 -16"><span class='ocrx_word' id='word_1_239' title='bbox 186 4113 221 4168; x_wconf 89' lang='grc'><strong>70</strong></span> <span class='ocrx_word' id='word_1_240' title='bbox 238 4133 325 4169; x_wconf 87' lang='lat' dir='ltr'><strong>muros</strong></span> <span class='ocrx_word' id='word_1_241' title='bbox 343 4117 377 4166; x_wconf 76' lang='lat' dir='ltr'><em>M</em></span> <span class='ocrx_word' id='word_1_242' title='bbox 443 4115 475 4168; x_wconf 86' lang='grc'><strong>71</strong></span> <span class='ocrx_word' id='word_1_243' title='bbox 495 4118 578 4170; x_wconf 87' lang='lat' dir='ltr'><strong>omnis</strong></span> <span class='ocrx_word' id='word_1_244' title='bbox 596 4116 635 4182; x_wconf 82' lang='lat' dir='ltr'><strong>M,</strong></span> <span class='ocrx_word' id='word_1_245' title='bbox 652 4117 760 4169; x_wconf 88' lang='lat' dir='ltr'><strong>homnes</strong></span> <span class='ocrx_word' id='word_1_246' title='bbox 777 4116 810 4182; x_wconf 82' lang='lat' dir='ltr'><strong>P,</strong></span> <span class='ocrx_word' id='word_1_247' title='bbox 828 4113 883 4169; x_wconf 80' lang='lat' dir='ltr'><strong>obis</strong></span> <span class='ocrx_word' id='word_1_248' title='bbox 901 4117 956 4180; x_wconf 77' lang='grc' dir='ltr'><strong>ΖΡ,</strong></span> <span class='ocrx_word' id='word_1_249' title='bbox 979 4133 1068 4169; x_wconf 87' lang='lat' dir='ltr'><strong>omnes</strong></span> <span class='ocrx_word' id='word_1_250' title='bbox 1088 4117 1118 4181; x_wconf 81' lang='lat' dir='ltr'><strong>Q,</strong></span> <span class='ocrx_word' id='word_1_251' title='bbox 1136 4117 1206 4168; x_wconf 92' lang='lat' dir='ltr'><strong>omni</strong></span> <span class='ocrx_word' id='word_1_252' title='bbox 1225 4115 1251 4167; x_wconf 89' lang='grc' dir='ltr'><em>Ζ</em></span> <span class='ocrx_word' id='word_1_253' title='bbox 1314 4116 1405 4168; x_wconf 86' lang='lat' dir='ltr'><strong>arbore</strong></span> <span class='ocrx_word' id='word_1_254' title='bbox 1423 4133 1500 4183; x_wconf 91' lang='lat' dir='ltr'><strong>poma</strong></span> <span class='ocrx_word' id='word_1_255' title='bbox 1517 4115 1598 4180; x_wconf 71' lang='grc' dir='ltr'><strong>ΕΟΖ,</strong></span> <span class='ocrx_word' id='word_1_256' title='bbox 1620 4124 1648 4167; x_wconf 84' lang='lat' dir='ltr'><strong>at</strong></span> <span class='ocrx_word' id='word_1_257' title='bbox 1664 4117 1754 4184; x_wconf 76' lang='lat' dir='ltr'><strong>censer</strong></span> <span class='ocrx_word' id='word_1_258' title='bbox 1771 4134 1794 4168; x_wconf 87' lang='lat' dir='ltr'><strong>o.</strong></span> <span class='ocrx_word' id='word_1_259' title='bbox 1808 4114 1841 4166; x_wconf 73' lang='lat'><strong>72</strong></span> 
     </span>
     <span class='ocr_line' id='line_1_36' title="bbox 221 4199 1845 4270; baseline 0.001 -17"><span class='ocrx_word' id='word_1_260' title='bbox 221 4200 254 4253; x_wconf 79' lang='grc'><strong>72</strong></span> <span class='ocrx_word' id='word_1_261' title='bbox 280 4204 313 4254; x_wconf 83' lang='lat' dir='ltr'><strong>Et</strong></span> <span class='ocrx_word' id='word_1_262' title='bbox 336 4204 416 4270; x_wconf 81' lang='lat' dir='ltr'><strong>pastis</strong></span> <span class='ocrx_word' id='word_1_263' title='bbox 443 4201 496 4255; x_wconf 81' lang='lat' dir='ltr'><strong>FP</strong></span> <span class='ocrx_word' id='word_1_264' title='bbox 579 4204 662 4256; x_wconf 86' lang='lat' dir='ltr'><strong>anelis</strong></span> <span class='ocrx_word' id='word_1_265' title='bbox 679 4206 780 4256; x_wconf 81' lang='lat' dir='ltr'><strong>fructus</strong></span> <span class='ocrx_word' id='word_1_266' title='bbox 798 4203 854 4268; x_wconf 80' lang='lat' dir='ltr'><strong>LQ,</strong></span> <span class='ocrx_word' id='word_1_267' title='bbox 873 4221 925 4256; x_wconf 90' lang='lat' dir='ltr'><strong>non</strong></span> <span class='ocrx_word' id='word_1_268' title='bbox 942 4206 1042 4256; x_wconf 84' lang='lat' dir='ltr'><strong>fructus</strong></span> <span class='ocrx_word' id='word_1_269' title='bbox 1059 4204 1142 4256; x_wconf 89' lang='lat' dir='ltr'><strong>auclis</strong></span> <span class='ocrx_word' id='word_1_270' title='bbox 1159 4203 1186 4253; x_wconf 93' lang='grc' dir='ltr'><em>Ζ</em></span> <span class='ocrx_word' id='word_1_271' title='bbox 1269 4199 1302 4253; x_wconf 87' lang='grc'><strong>73</strong></span> <span class='ocrx_word' id='word_1_272' title='bbox 1319 4203 1441 4255; x_wconf 84' lang='lat' dir='ltr'><strong>fluctibus</strong></span> <span class='ocrx_word' id='word_1_273' title='bbox 1459 4201 1537 4270; x_wconf 72' lang='lat' dir='ltr'><strong>(er</strong></span> <span class='ocrx_word' id='word_1_274' title='bbox 1625 4201 1660 4254; x_wconf 78' lang='lat'><strong>74</strong></span> <span class='ocrx_word' id='word_1_275' title='bbox 1677 4203 1798 4256; x_wconf 76' lang='lat' dir='ltr'><strong>contraris</strong></span> <span class='ocrx_word' id='word_1_276' title='bbox 1816 4202 1845 4254; x_wconf 72' lang='lat' dir='ltr'><em>F</em></span> 
     </span>
     <span class='ocr_line' id='line_1_37' title="bbox 220 4287 1840 4357; baseline -0.001 -16"><span class='ocrx_word' id='word_1_277' title='bbox 220 4287 255 4341; x_wconf 75' lang='lat'><strong>&#39;15</strong></span> <span class='ocrx_word' id='word_1_278' title='bbox 271 4291 404 4356; x_wconf 86' lang='lat' dir='ltr'><strong>grandinis</strong></span> <span class='ocrx_word' id='word_1_279' title='bbox 421 4290 548 4353; x_wconf 81' lang='lat' dir='ltr'><strong>metusQ</strong></span> <span class='ocrx_word' id='word_1_280' title='bbox 617 4287 650 4340; x_wconf 90' lang='grc'><strong>77</strong></span> <span class='ocrx_word' id='word_1_281' title='bbox 669 4290 762 4356; x_wconf 82' lang='lat' dir='ltr'><strong>placidi</strong></span> <span class='ocrx_word' id='word_1_282' title='bbox 780 4291 881 4342; x_wconf 84' lang='lat' dir='ltr'><strong>fructus</strong></span> <span class='ocrx_word' id='word_1_283' title='bbox 898 4290 933 4342; x_wconf 82' lang='lat' dir='ltr'><strong>ric</strong></span> <span class='ocrx_word' id='word_1_284' title='bbox 952 4289 1107 4354; x_wconf 80' lang='lat' dir='ltr'><strong><em>MFPLQZ</em></strong></span> <span class='ocrx_word' id='word_1_285' title='bbox 1120 4288 1160 4354; x_wconf 83' lang='lat' dir='ltr'><strong>(ut</strong></span> <span class='ocrx_word' id='word_1_286' title='bbox 1177 4290 1266 4357; x_wconf 82' lang='lat' dir='ltr'><strong>placiti</strong></span> <span class='ocrx_word' id='word_1_287' title='bbox 1283 4289 1320 4356; x_wconf 73' lang='grc' dir='ltr'><strong>Ζ)</strong></span> <span class='ocrx_word' id='word_1_288' title='bbox 1395 4291 1464 4356; x_wconf 90' lang='lat' dir='ltr'><strong>quod</strong></span> <span class='ocrx_word' id='word_1_289' title='bbox 1481 4290 1582 4342; x_wconf 85' lang='lat' dir='ltr'><strong>mollior</strong></span> <span class='ocrx_word' id='word_1_290' title='bbox 1599 4289 1649 4353; x_wconf 73' lang='lat' dir='ltr'><strong>BQ</strong></span> <span class='ocrx_word' id='word_1_291' title='bbox 1721 4287 1840 4340; x_wconf 82' lang='grc'><strong>78-121</strong></span> 
     </span>
     <span class='ocr_line' id='line_1_38' title="bbox 185 4373 1841 4442; baseline 0 -13"><span class='ocrx_word' id='word_1_292' title='bbox 185 4377 278 4429; x_wconf 70' lang='lat' dir='ltr'><strong>derum</strong></span> <span class='ocrx_word' id='word_1_293' title='bbox 295 4377 323 4428; x_wconf 85' lang='lat' dir='ltr'><strong>ia</strong></span> <span class='ocrx_word' id='word_1_294' title='bbox 339 4377 373 4427; x_wconf 86' lang='grc' dir='ltr'><em>Μ</em></span> <span class='ocrx_word' id='word_1_295' title='bbox 456 4374 490 4428; x_wconf 84' lang='grc'><strong>78</strong></span> <span class='ocrx_word' id='word_1_296' title='bbox 507 4377 636 4428; x_wconf 85' lang='lat' dir='ltr'><strong>frontibus</strong></span> <span class='ocrx_word' id='word_1_297' title='bbox 654 4376 684 4441; x_wconf 82' lang='lat' dir='ltr'><strong>Q,</strong></span> <span class='ocrx_word' id='word_1_298' title='bbox 703 4376 836 4428; x_wconf 82' lang='lat' dir='ltr'><strong>fructibus</strong></span> <span class='ocrx_word' id='word_1_299' title='bbox 850 4374 875 4426; x_wconf 91' lang='lat' dir='ltr'><em>P</em></span> <span class='ocrx_word' id='word_1_300' title='bbox 959 4373 993 4427; x_wconf 87' lang='lat'><strong>81</strong></span> <span class='ocrx_word' id='word_1_301' title='bbox 1012 4393 1088 4429; x_wconf 91' lang='lat' dir='ltr'><strong>omns</strong></span> <span class='ocrx_word' id='word_1_302' title='bbox 1105 4393 1187 4428; x_wconf 89' lang='lat' dir='ltr'><strong>conus</strong></span> <span class='ocrx_word' id='word_1_303' title='bbox 1206 4374 1265 4440; x_wconf 82' lang='lat' dir='ltr'><strong>(boc</strong></span> <span class='ocrx_word' id='word_1_304' title='bbox 1283 4376 1364 4428; x_wconf 80' lang='lat' dir='ltr'><strong>deleto</strong></span> <span class='ocrx_word' id='word_1_305' title='bbox 1376 4379 1582 4441; x_wconf 77' lang='lat' dir='ltr'><strong>suprascriptum</strong></span> <span class='ocrx_word' id='word_1_306' title='bbox 1600 4375 1701 4440; x_wconf 89' lang='lat' dir='ltr'><strong>nemus)</strong></span> <span class='ocrx_word' id='word_1_307' title='bbox 1714 4377 1747 4442; x_wconf 86' lang='lat' dir='ltr'><strong>F,</strong></span> <span class='ocrx_word' id='word_1_308' title='bbox 1766 4393 1841 4430; x_wconf 89' lang='lat' dir='ltr'><strong>omne</strong></span> 
     </span>
    </p>

    <p class='ocr_par' dir='ltr' id='par_1_17' title="bbox 185 4460 1842 4792">
     <span class='ocr_line' id='line_1_39' title="bbox 185 4460 1785 4530; baseline -0.002 -14"><span class='ocrx_word' id='word_1_309' title='bbox 185 4481 276 4516; x_wconf 86' lang='lat' dir='ltr'><strong>nemus</strong></span> <span class='ocrx_word' id='word_1_310' title='bbox 294 4463 326 4524; x_wconf 89' lang='lat' dir='ltr'><strong>P,</strong></span> <span class='ocrx_word' id='word_1_311' title='bbox 344 4480 419 4516; x_wconf 90' lang='lat' dir='ltr'><strong>omne</strong></span> <span class='ocrx_word' id='word_1_312' title='bbox 437 4480 503 4515; x_wconf 92' lang='lat' dir='ltr'><strong>onus</strong></span> <span class='ocrx_word' id='word_1_313' title='bbox 520 4461 570 4526; x_wconf 74' lang='lat' dir='ltr'><strong>Lu</strong></span> <span class='ocrx_word' id='word_1_314' title='bbox 587 4460 627 4527; x_wconf 83' lang='lat' dir='ltr'><strong>(ia</strong></span> <span class='ocrx_word' id='word_1_315' title='bbox 644 4462 692 4515; x_wconf 84' lang='lat' dir='ltr'><strong>boc</strong></span> <span class='ocrx_word' id='word_1_316' title='bbox 707 4463 796 4530; x_wconf 73' lang='lat' dir='ltr'><strong>glocca</strong></span> <span class='ocrx_word' id='word_1_317' title='bbox 812 4462 925 4515; x_wconf 81' lang='lat' dir='ltr'><strong>eiusdem</strong></span> <span class='ocrx_word' id='word_1_318' title='bbox 942 4479 1036 4513; x_wconf 76' lang='lat' dir='ltr'><strong>manue</strong></span> <span class='ocrx_word' id='word_1_319' title='bbox 1053 4463 1161 4514; x_wconf 79' lang='lat' dir='ltr'><strong>sumitur</strong></span> <span class='ocrx_word' id='word_1_320' title='bbox 1178 4462 1308 4526; x_wconf 84' lang='lat' dir='ltr'><strong>arborum)</strong></span> <span class='ocrx_word' id='word_1_321' title='bbox 1380 4463 1503 4515; x_wconf 73' lang='lat' dir='ltr'><strong>fluctuat</strong></span> <span class='ocrx_word' id='word_1_322' title='bbox 1520 4464 1563 4515; x_wconf 89' lang='lat' dir='ltr'><strong>bic</strong></span> <span class='ocrx_word' id='word_1_323' title='bbox 1581 4480 1647 4515; x_wconf 90' lang='lat' dir='ltr'><strong>onus</strong></span> <span class='ocrx_word' id='word_1_324' title='bbox 1665 4479 1740 4514; x_wconf 91' lang='lat' dir='ltr'><strong>omne</strong></span> <span class='ocrx_word' id='word_1_325' title='bbox 1759 4461 1785 4513; x_wconf 89' lang='grc' dir='ltr'><em>Ζ</em></span> 
     </span>
     <span class='ocr_line' id='line_1_40' title="bbox 185 4545 1841 4615; baseline 0.001 -13"><span class='ocrx_word' id='word_1_326' title='bbox 185 4547 219 4602; x_wconf 87' lang='grc'><strong>83</strong></span> <span class='ocrx_word' id='word_1_327' title='bbox 237 4550 282 4602; x_wconf 88' lang='lat' dir='ltr'><strong>sed</strong></span> <span class='ocrx_word' id='word_1_328' title='bbox 299 4557 330 4602; x_wconf 84' lang='lat' dir='ltr'><strong>ut</strong></span> <span class='ocrx_word' id='word_1_329' title='bbox 347 4550 373 4602; x_wconf 88' lang='lat' dir='ltr'><em>P</em></span> <span class='ocrx_word' id='word_1_330' title='bbox 456 4546 491 4600; x_wconf 85' lang='grc'><strong>84</strong></span> <span class='ocrx_word' id='word_1_331' title='bbox 509 4549 577 4601; x_wconf 91' lang='lat' dir='ltr'><strong>celer</strong></span> <span class='ocrx_word' id='word_1_332' title='bbox 600 4546 659 4615; x_wconf 82' lang='lat' dir='ltr'><strong>(stis</strong></span> <span class='ocrx_word' id='word_1_333' title='bbox 680 4549 907 4614; x_wconf 68' lang='lat' dir='ltr'><strong>superscripsit</strong></span> <span class='ocrx_word' id='word_1_334' title='bbox 930 4565 1001 4601; x_wconf 83' lang='lat' dir='ltr'><strong>orca.</strong></span> <span class='ocrx_word' id='word_1_335' title='bbox 1022 4549 1048 4614; x_wconf 80' lang='lat'><strong>2)</strong></span> <span class='ocrx_word' id='word_1_336' title='bbox 1067 4551 1150 4601; x_wconf 84' lang='lat' dir='ltr'><strong>forma</strong></span> <span class='ocrx_word' id='word_1_337' title='bbox 1171 4550 1271 4602; x_wconf 81' lang='lat' dir='ltr'><strong>cientes</strong></span> <span class='ocrx_word' id='word_1_338' title='bbox 1293 4545 1327 4611; x_wconf 76' lang='lat' dir='ltr'><strong>If,</strong></span> <span class='ocrx_word' id='word_1_339' title='bbox 1350 4549 1451 4601; x_wconf 85' lang='lat' dir='ltr'><strong>celestis</strong></span> <span class='ocrx_word' id='word_1_340' title='bbox 1473 4552 1555 4601; x_wconf 82' lang='lat' dir='ltr'><strong>forme</strong></span> <span class='ocrx_word' id='word_1_341' title='bbox 1577 4551 1676 4602; x_wconf 77' lang='lat' dir='ltr'><strong>cicutas</strong></span> <span class='ocrx_word' id='word_1_342' title='bbox 1694 4549 1720 4601; x_wconf 88' lang='lat' dir='ltr'><strong><em>P</em></strong></span> <span class='ocrx_word' id='word_1_343' title='bbox 1805 4549 1841 4604; x_wconf 82' lang='lat'><strong>85</strong></span> 
     </span>
     <span class='ocr_line' id='line_1_41' title="bbox 185 4632 1842 4702; baseline 0.001 -14"><span class='ocrx_word' id='word_1_344' title='bbox 185 4637 289 4688; x_wconf 82' lang='lat' dir='ltr'><strong>elberiis</strong></span> <span class='ocrx_word' id='word_1_345' title='bbox 307 4635 383 4700; x_wconf 79' lang='lat' dir='ltr'><strong>PLQ</strong></span> <span class='ocrx_word' id='word_1_346' title='bbox 453 4632 486 4686; x_wconf 90' lang='grc'><strong>88</strong></span> <span class='ocrx_word' id='word_1_347' title='bbox 503 4632 614 4702; x_wconf 83' lang='lat' dir='ltr'><strong>picture]</strong></span> <span class='ocrx_word' id='word_1_348' title='bbox 633 4641 726 4687; x_wconf 81' lang='lat' dir='ltr'><strong>natura</strong></span> <span class='ocrx_word' id='word_1_349' title='bbox 743 4634 869 4688; x_wconf 73' lang='lat' dir='ltr'><strong>sirmond</strong></span> <span class='ocrx_word' id='word_1_350' title='bbox 884 4644 908 4688; x_wconf 84' lang='lat' dir='ltr'><strong>ct</strong></span> <span class='ocrx_word' id='word_1_351' title='bbox 929 4635 985 4688; x_wconf 80' lang='lat' dir='ltr'><strong>Tol.</strong></span> <span class='ocrx_word' id='word_1_352' title='bbox 1055 4633 1165 4688; x_wconf 82' lang='lat'><strong>89-91.</strong></span> <span class='ocrx_word' id='word_1_353' title='bbox 1184 4633 1225 4688; x_wconf 79' lang='lat'><strong>94.</strong></span> <span class='ocrx_word' id='word_1_354' title='bbox 1245 4633 1280 4688; x_wconf 81' lang='lat'><strong>95</strong></span> <span class='ocrx_word' id='word_1_355' title='bbox 1296 4635 1369 4687; x_wconf 80' lang='lat' dir='ltr'><strong>iaG</strong></span> <span class='ocrx_word' id='word_1_356' title='bbox 1438 4633 1473 4687; x_wconf 92' lang='grc'><strong>89</strong></span> <span class='ocrx_word' id='word_1_357' title='bbox 1490 4637 1593 4689; x_wconf 78' lang='lat' dir='ltr'><strong>Aurora</strong></span> <span class='ocrx_word' id='word_1_358' title='bbox 1610 4635 1716 4702; x_wconf 81' lang='lat' dir='ltr'><strong><em>PLQZ,</em></strong></span> <span class='ocrx_word' id='word_1_359' title='bbox 1735 4655 1803 4690; x_wconf 80' lang='lat' dir='ltr'><strong>corr.</strong></span> <span class='ocrx_word' id='word_1_360' title='bbox 1816 4638 1842 4690; x_wconf 92' lang='lat' dir='ltr'><strong><em>P</em></strong></span> 
     </span>
     <span class='ocr_line' id='line_1_42' title="bbox 222 4719 1840 4792; baseline 0.002 -18"><span class='ocrx_word' id='word_1_361' title='bbox 222 4724 374 4790; x_wconf 76' lang='lat' dir='ltr'><strong>premiserat</strong></span> <span class='ocrx_word' id='word_1_362' title='bbox 390 4721 448 4786; x_wconf 83' lang='lat' dir='ltr'><strong>FP,</strong></span> <span class='ocrx_word' id='word_1_363' title='bbox 465 4729 643 4790; x_wconf 83' lang='lat' dir='ltr'><strong>permanserat</strong></span> <span class='ocrx_word' id='word_1_364' title='bbox 654 4721 730 4787; x_wconf 77' lang='lat' dir='ltr'><strong>LQZ</strong></span> <span class='ocrx_word' id='word_1_365' title='bbox 795 4719 830 4774; x_wconf 88' lang='grc'><strong>90</strong></span> <span class='ocrx_word' id='word_1_366' title='bbox 847 4724 970 4776; x_wconf 80' lang='lat' dir='ltr'><strong>rutilante</strong></span> <span class='ocrx_word' id='word_1_367' title='bbox 987 4723 1103 4790; x_wconf 78' lang='lat' dir='ltr'><strong>globoG</strong></span> <span class='ocrx_word' id='word_1_368' title='bbox 1172 4723 1264 4776; x_wconf 90' lang='lat' dir='ltr'><strong>robore</strong></span> <span class='ocrx_word' id='word_1_369' title='bbox 1278 4723 1326 4787; x_wconf 72' lang='lat' dir='ltr'><strong>Qu</strong></span> <span class='ocrx_word' id='word_1_370' title='bbox 1395 4720 1428 4774; x_wconf 92' lang='grc'><strong>91</strong></span> <span class='ocrx_word' id='word_1_371' title='bbox 1447 4723 1509 4776; x_wconf 82' lang='lat' dir='ltr'><strong>solie</strong></span> <span class='ocrx_word' id='word_1_372' title='bbox 1527 4725 1628 4792; x_wconf 90' lang='lat' dir='ltr'><strong>fulgere</strong></span> <span class='ocrx_word' id='word_1_373' title='bbox 1647 4725 1671 4776; x_wconf 77' lang='lat'><em>0</em></span> <span class='ocrx_word' id='word_1_374' title='bbox 1740 4725 1840 4778; x_wconf 72' lang='lat' dir='ltr'><strong>radiare</strong></span> 
     </span>
    </p>

    <p class='ocr_par' dir='ltr' id='par_1_18' title="bbox 186 4806 1769 4879">
     <span class='ocr_line' id='line_1_43' title="bbox 186 4806 1769 4879; baseline 0.003 -19"><span class='ocrx_word' id='word_1_375' title='bbox 186 4809 272 4876; x_wconf 86' lang='lat' dir='ltr'><strong>polum</strong></span> <span class='ocrx_word' id='word_1_376' title='bbox 290 4809 317 4861; x_wconf 92' lang='lat' dir='ltr'><strong><em>P</em></strong></span> <span class='ocrx_word' id='word_1_377' title='bbox 383 4810 439 4876; x_wconf 87' lang='lat' dir='ltr'><strong>igni</strong></span> <span class='ocrx_word' id='word_1_378' title='bbox 456 4808 494 4860; x_wconf 73' lang='lat' dir='ltr'><strong>Pl</strong></span> <span class='ocrx_word' id='word_1_379' title='bbox 536 4867 538 4872; x_wconf 57' lang='grc'>,</span> <span class='ocrx_word' id='word_1_380' title='bbox 581 4807 616 4862; x_wconf 83' lang='grc'><strong>94</strong></span> <span class='ocrx_word' id='word_1_381' title='bbox 632 4811 707 4863; x_wconf 86' lang='lat' dir='ltr'><strong>iuuet</strong></span> <span class='ocrx_word' id='word_1_382' title='bbox 724 4807 758 4876; x_wconf 81' lang='lat' dir='ltr'><strong>F,</strong></span> <span class='ocrx_word' id='word_1_383' title='bbox 774 4809 848 4863; x_wconf 77' lang='lat' dir='ltr'><strong>iubet</strong></span> <span class='ocrx_word' id='word_1_384' title='bbox 860 4808 886 4860; x_wconf 92' lang='lat' dir='ltr'><strong><em>P</em></strong></span> <span class='ocrx_word' id='word_1_385' title='bbox 969 4808 1003 4862; x_wconf 90' lang='grc'><strong>96</strong></span> <span class='ocrx_word' id='word_1_386' title='bbox 1021 4811 1146 4879; x_wconf 85' lang='lat' dir='ltr'><strong>trepidam</strong></span> <span class='ocrx_word' id='word_1_387' title='bbox 1163 4810 1195 4878; x_wconf 85' lang='lat' dir='ltr'><strong>P,</strong></span> <span class='ocrx_word' id='word_1_388' title='bbox 1214 4811 1324 4879; x_wconf 81' lang='lat' dir='ltr'><strong>tepidum</strong></span> <span class='ocrx_word' id='word_1_389' title='bbox 1344 4806 1440 4876; x_wconf 63' lang='lat' dir='ltr'><strong>(LQW</strong></span> <span class='ocrx_word' id='word_1_390' title='bbox 1508 4811 1654 4864; x_wconf 77' lang='lat' dir='ltr'><strong>somniferis</strong></span> <span class='ocrx_word' id='word_1_391' title='bbox 1672 4810 1698 4863; x_wconf 91' lang='grc' dir='ltr'><em>Ζ</em></span> <span class='ocrx_word' id='word_1_392' title='bbox 1710 4811 1769 4865; x_wconf 81' lang='lat' dir='ltr'><strong>cdd.</strong></span> 
     </span>
    </p>
   </div>
   <div class='ocr_carea' id='block_1_4' title="bbox 288 5047 1744 5123">
    <p class='ocr_par' dir='ltr' id='par_1_19' title="bbox 288 5047 1744 5123">
     <span class='ocr_line' id='line_1_44' title="bbox 288 5047 1744 5123; baseline 0 -18"><span class='ocrx_word' id='word_1_393' title='bbox 288 5047 323 5105; x_wconf 92' lang='grc'><strong>89</strong></span> <span class='ocrx_word' id='word_1_394' title='bbox 340 5047 442 5104; x_wconf 60' lang='lat' dir='ltr'><strong>Iratam</strong></span> <span class='ocrx_word' id='word_1_395' title='bbox 461 5049 515 5104; x_wconf 71' lang='lat' dir='ltr'><strong>ubl.</strong></span> <span class='ocrx_word' id='word_1_396' title='bbox 526 5065 573 5104; x_wconf 86' lang='lat' dir='ltr'><strong>crs</strong></span> <span class='ocrx_word' id='word_1_397' title='bbox 589 5065 700 5122; x_wconf 59' lang='lat' dir='ltr'><strong>pamm.</strong></span> <span class='ocrx_word' id='word_1_398' title='bbox 715 5059 772 5121; x_wconf 87' lang='lat'><strong><em>1,1,</em></strong></span> <span class='ocrx_word' id='word_1_399' title='bbox 786 5057 821 5108; x_wconf 82' lang='lat'><strong>35</strong></span> <span class='ocrx_word' id='word_1_400' title='bbox 840 5051 974 5120; x_wconf 83' lang='lat' dir='ltr'><strong>(Gramm.</strong></span> <span class='ocrx_word' id='word_1_401' title='bbox 987 5052 1075 5123; x_wconf 81' lang='lat' dir='ltr'><strong>suppl.</strong></span> <span class='ocrx_word' id='word_1_402' title='bbox 1083 5068 1113 5121; x_wconf 78' lang='lat' dir='ltr'><strong>p.</strong></span> <span class='ocrx_word' id='word_1_403' title='bbox 1129 5050 1310 5120; x_wconf 83' lang='lat' dir='ltr'><strong><em>OOXXXH,</em></strong></span> <span class='ocrx_word' id='word_1_404' title='bbox 1324 5051 1365 5122; x_wconf 82' lang='lat'><strong>12)</strong></span> <span class='ocrx_word' id='word_1_405' title='bbox 1384 5051 1531 5121; x_wconf 73' lang='lat' dir='ltr'><strong>exemplam</strong></span> <span class='ocrx_word' id='word_1_406' title='bbox 1548 5069 1586 5107; x_wconf 85' lang='lat' dir='ltr'><strong>au</strong></span> <span class='ocrx_word' id='word_1_407' title='bbox 1603 5049 1744 5123; x_wconf 66' lang='lat' dir='ltr'><strong>dtpstoags’</strong></span> 
     </span>
    </p>
   </div>
   <div class='ocr_carea' id='block_1_5' title="bbox 288 5763 768 5827">
    <p class='ocr_par' dir='ltr' id='par_1_20' title="bbox 288 5763 768 5827">
     <span class='ocr_line' id='line_1_45' title="bbox 288 5763 768 5827; baseline 0.002 -11"><span class='ocrx_word' id='word_1_408' title='bbox 288 5765 450 5818; x_wconf 69' lang='lat' dir='ltr'><strong>Semnones</strong></span> <span class='ocrx_word' id='word_1_409' title='bbox 467 5767 658 5827; x_wconf 77' lang='lat' dir='ltr'><strong>Asmcurssnn</strong></span> <span class='ocrx_word' id='word_1_410' title='bbox 670 5767 731 5818; x_wconf 77' lang='lat' dir='ltr'><strong>xlv</strong></span> <span class='ocrx_word' id='word_1_411' title='bbox 745 5763 768 5818; x_wconf 88' lang='lat'><strong>1.</strong></span> 
     </span>
    </p>
   </div>
   <div class='ocr_carea' id='block_1_6' title="bbox 0 0 2288 6391">
    <p class='ocr_par' dir='ltr' id='par_1_21' title="bbox 0 0 2288 6391">
     <span class='ocr_line' id='line_1_46' title="bbox 0 0 2288 6391; baseline 0 0"><span class='ocrx_word' id='word_1_412' title='bbox 0 0 2288 6391; x_wconf 95' lang='lat' dir='ltr'><strong> </strong></span> 
     </span>
    </p>
   </div>
  </div>
 </body>
</html>
