4932 6506
1087 473 1264 534 ROMVLTA
1282 475 1308 532 X

765 649 950 714 mulcentur
973 650 1037 714 iam
1062 650 1160 716 corda
1183 649 1274 716 ducis
1296 656 1471 738 natamque
1494 657 1652 739 tyrannus

764 757 883 838 purgat
906 757 940 818 et
963 753 1129 839 externplo
1153 752 1293 821 Medeae
1316 755 1429 822 laudat
1450 777 1610 822 amorem:

678 869 731 928 333
768 855 815 920 εἰσ
838 856 957 922 meruit
979 857 1110 922 veniam
1134 877 1292 942 generum
1315 859 1484 926 confessus
1508 859 1666 943 Achilles,

765 959 815 1026 sic
836 964 931 1046 pater
954 960 1080 1045 ignovit
1102 959 1318 1046 Lycomedes,
1340 968 1473 1049 pectore
1495 971 1593 1030 natae

766 1066 799 1126 et
821 1061 983 1148 Pyrrhum
1006 1063 1151 1150 suscepit
1174 1084 1254 1130 avus
1277 1065 1467 1152 gremioque
1490 1072 1645 1154 nepotem

764 1165 845 1230 fovit
867 1171 900 1230 ct
924 1165 966 1230 ad
988 1165 1119 1232 Troiam
1141 1173 1217 1254 post
1240 1169 1376 1234 crimina
1396 1170 1485 1236 misit
1506 1170 1657 1238 Achillis.

764 1273 801 1332 ut
825 1267 947 1354 Scytha
969 1269 1114 1336 mollitus
1136 1269 1258 1336 blanda
1279 1271 1403 1358 pictate
1427 1274 1579 1354 mitescit,

676 1385 728 1442 335
763 1391 842 1438 mox
863 1371 953 1438 iubet
975 1379 1012 1439 ut
1037 1393 1196 1459 genemm
1220 1374 1273 1439 vei
1297 1375 1415 1461 pignus
1437 1375 1524 1462 regis
1547 1375 1588 1443 ad
1611 1377 1720 1442 aulam

764 1475 870 1542 eiecto
894 1482 1019 1543 terrore
1041 1483 1170 1563 rogent.
1215 1482 1293 1544 tunc
1315 1479 1407 1564 regia
1429 1479 1520 1545 lauro

764 1578 905 1665 cingitur
927 1586 960 1645 et
982 1585 1094 1667 postes
1118 1581 1225 1647 soceri
1247 1581 1301 1668 pia
1324 1587 1413 1648 serta
1435 1589 1603 1648 coronant.

763 1703 842 1748 mox
862 1684 1026 1750 thalamos
1050 1684 1183 1751 subiere
1206 1705 1317 1772 pares:
1340 1686 1483 1752 laetatur
1504 1687 1602 1754 Iason

765 1807 907 1873 sponsus
931 1793 965 1854 et
986 1787 1020 1852 in
1044 1789 1158 1854 castris
1181 1787 1323 1856 Veneris
1347 1787 1468 1858 Medea
1489 1790 1676 1878 triumphat.

675 1905 728 1964 340
852 1897 1005 1977 quattuor
1027 1891 1155 1959 interca
1176 1892 1331 1959 Phoebus
1354 1899 1562 1980 transegerat
1585 1915 1697 1976 annos,

763 1994 824 2060 sed
846 2000 941 2062 natos
964 1995 1083 2062 Medea
1105 1995 1188 2062 duos
1211 1995 1353 2064 fecunda
1376 1998 1493 2064 marito

763 2097 922 2183 ediderat,
946 2120 1019 2166 cum
1042 2105 1138 2167 nocte
1162 2101 1273 2168 iacens
1296 2103 1440 2189 suspirat
1461 2101 1560 2168 Iason

762 2223 823 2268 nec
845 2204 988 2288 gemitus
1009 2203 1136 2270 latuere
1152 2224 1296 2290 magam:
1318 2201 1439 2292 ‘quam,
1462 2204 1590 2286 callide,
1613 2204 1761 2272 fraudem

761 2305 890 2392 quodve
913 2305 1007 2374 nefus
1030 2307 1155 2374 moliris
1163 2306 1187 2372 t'
1208 2309 1255 2374 ait
1276 2306 1352 2376 ‘non
1374 2309 1461 2375 fallis
1484 2315 1660 2376 amantem.

675 2427 727 2483 345
761 2409 871 2476 dulcia
894 2431 994 2497 saepe
1017 2411 1096 2498 vigil
1119 2417 1326 2480 contrectans
1349 2419 1485 2500 pectora
1508 2413 1627 2480 coniux

762 2514 889 2600 agnovi,
913 2514 990 2601 quia
1012 2515 1099 2581 furta
1120 2535 1228 2602 paras,
1252 2517 1328 2603 quia
1350 2521 1460 2584 mente
1483 2517 1593 2603 fugaci

761 2617 938 2684 infaustum
961 2619 1189 2705 quodcumque
1218 2619 1321 2706 cupis.
1365 2625 1493 2688 secreta
1515 2619 1663 2706 polorum

762 2741 936 2808 cognosco,
960 2721 988 2787 si
1010 2723 1144 2788 morbus
1168 2723 1240 2805 erit,
1263 2723 1291 2788 si
1313 2723 1402 2790 bella
1423 2729 1588 2810 parentur,

760 2827 789 2892 si
811 2827 902 2914 pluet
925 2832 982 2892 aut
1003 2828 1135 2894 flamma
1158 2828 1286 2894 caelum
1308 2829 1463 2894 rutilante
1486 2834 1648 2896 coruscet:

672 2947 725 3004 353
762 2937 796 2997 et
818 2938 855 2997 tu
877 2929 1030 2998 Medeam
1055 2930 1163 2998 credis
1186 2933 1262 3018 quia
1284 2931 1382 3014 fallis,
1405 2930 1541 2998 Iasoni'

759 3040 838 3101 tunc
861 3035 907 3101 sic
931 3034 1117 3102 Aesonides
1139 3035 1284 3102 stimulet
1305 3056 1389 3122 quae
1411 3036 1515 3102 forma
1536 3035 1697 3103 medullas

761 3137 885 3204 indicat
909 3145 944 3205 et
966 3139 1064 3226 pellis
1088 3160 1205 3206 causas
1228 3139 1280 3204 vel
1303 3145 1451 3226 tempore
1473 3145 1564 3206 tanto

758 3242 847 3328 quod
871 3243 974 3309 lateat
997 3243 1115 3324 socios,
1137 3242 1213 3328 quia
1235 3243 1301 3310 iarn
1323 3243 1369 3308 sic
1391 3248 1508 3329 regnat
1529 3243 1663 3322 amicus,

761 3352 989 3433 consumptum
1002 3367 1100 3433 quam
1112 3353 1216 3413 morte
1230 3352 1347 3434 putant
1358 3345 1580 3434 planguntque
1591 3353 1759 3434 parentes:

672 3467 726 3522 355
761 3449 919 3536 ‘optarem
943 3449 1092 3516 revidere
1114 3471 1205 3516 meos
1228 3451 1411 3536 iterumque
1433 3451 1555 3516 reverti

761 3553 803 3620 ad
825 3553 997 3635 thalamos,
1024 3553 1151 3640 regina,
1174 3558 1259 3637 tuos,
1282 3559 1463 3620 monstrare
1485 3552 1646 3638 Pelasgis,

758 3656 834 3743 quid
858 3658 989 3740 coniux,
1016 3657 1094 3744 quid
1116 3657 1184 3722 fata
1206 3649 1336 3724 valent?
1382 3656 1502 3724 Medea
1523 3656 1639 3722 marito

757 3761 834 3827 ‘iam
855 3761 979 3849 pariter
1001 3758 1190 3849 pergamus'
1211 3759 1276 3840 ait;
1297 3758 1356 3826 ‘sic
1379 3780 1480 3826 aurea
1501 3759 1598 3846 pellis

757 3865 901 3947 tollatur,
926 3865 1052 3932 lateant
1074 3869 1203 3930 vastum
1225 3869 1262 3928 nt
1283 3883 1359 3930 mea
1380 3863 1467 3929 iacta
1489 3861 1688 3929 draconem.²

671 3983 724 4040 360
761 3967 891 4036 dixerat
914 3973 948 4034 et
975 3968 1085 4035 stratis
1107 3968 1233 4054 rapitur
1255 3966 1316 4033 sul)
1338 3972 1435 4034 nocte
1459 3967 1577 4035 silenti.

759 4079 848 4140 astra
870 4092 991 4148 vocans
1014 4079 1048 4138 et
1071 4073 1166 4158 signa
1189 4072 1280 4138 ciens
1303 4070 1395 4138 iubet
1416 4071 1473 4136 illa
1496 4070 1654 4158 Soporem

758 4176 792 4242 in
814 4195 930 4242 nemus
953 4175 1138 4263 adpellem
1162 4175 1214 4241 vel
1237 4176 1396 4262 templum
1417 4175 1533 4240 Martis
1557 4174 1657 4240 abire.

756 4279 932 4346 dormierat
954 4299 1109 4367 serpens:
1133 4279 1231 4366 pellis
1255 4279 1422 4345 subtracta
1443 4279 1561 4344 marito

755 4383 904 4464 traditur,
929 4389 963 4450 et
984 4383 1107 4470 pariter
1129 4382 1284 4469 fugerunt
1306 4381 1408 4450 fratre
1431 4389 1558 4451 necato.

667 4503 719 4560 365
754 4489 917 4575 accipiunt
940 4493 1036 4554 natos
1060 4493 1094 4552 et
1116 4487 1247 4574 singula
1271 4487 1408 4574 pignora
1430 4493 1568 4573 portant.

459 4691 512 4747 328
537 4703 615 4760 paqt,
644 4703 757 4764 natamq3
790 4697 826 4750 εἰσ
850 4695 885 4762 N,
920 4703 1080 4763 nantemque
1118 4695 1200 4747 Dicin
1233 4713 1287 4748 rien
1317 4706 1384 4750 recte
1495 4693 1544 4750 331
1583 4697 1684 4765 ignouit
1716 4695 1810 4762 Dalm
1845 4697 1958 4750 innotuit
1986 4695 2017 4747 N

391 4777 444 4834 aaa
460 4762 568 4835 stmra
594 4781 628 4849 rr,
653 4783 782 4836 scurram
805 4782 933 4849 norrea,
1038 4779 1089 4834 aar
1115 4783 1222 4850 speon
1244 4782 1374 4835 scansus
1477 4781 1528 4835 ase
1550 4789 1643 4835 rosen
1664 4782 1791 4834 rasere
1880 4781 1967 4836 unua
1989 4791 2012 4834 e

358 4866 386 4916 in
402 4867 519 4935 stargina
539 4866 649 4922 ''clectro
667 4869 712 4920 Nn
810 4867 862 4922 338
885 4870 996 4921 laetatus
1014 4868 1047 4934 N,
1070 4885 1137 4920 corr.
1151 4867 1278 4920 Br'tcireler
1375 4867 1425 4921 341
1449 4870 1482 4920 Et
1499 4869 1620 4921 Bdltrcnc
1723 4866 1774 4921 343
1792 4871 1830 4922 Nc
1846 4869 1960 4941 gemitus¹
1976 4868 2010 4930 Ν,

358 4951 515 5006 eoraDatn
584 4953 1020 5020 nemorumnemorum
1084 4951 1134 5007 331
1147 4954 1425 5007 Tunchnichlrrem
1478 4955 1814 5022 lormaNcuraBr‘tclrcler
1883 4953 2012 5008 334053-

356 5021 514 5108 sumptumc‘fi
532 5049 612 5094 morte
630 5041 663 5106 N,
682 5058 750 5093 corr.
766 5039 845 5093 Data
923 5038 975 5094 333
992 5021 1113 5109 Optsrsdr
1131 5037 1176 5091 Nn
1258 5037 1308 5092 337
1326 5037 1390 5107 lata]
1409 5048 1470 5093 vota
1487 5041 1622 5107 Br'tclreler,
1640 5049 1719 5109 pacta
1736 5040 1853 5104 Ribbeck,
1872 5043 1939 5093 iacta
1958 5041 2010 5094 Lac

390 5123 442 5178 339
467 5127 585 5180 Tollatur
601 5133 632 5180 nt
649 5127 667 5179 1.
687 5145 712 5178 v.
730 5143 788 5179 mea
806 5125 839 5190 Ν,
864 5127 966 5180 cors-cei
1040 5127 1152 5178 Tollitur
1170 5135 1199 5179 ut
1217 5125 1298 5177 Dela
1378 5129 1431 5180 fata
1448 5127 1482 5192 N,
1506 5143 1574 5180 corr.
1591 5125 1673 5179 Data
1776 5127 1826 5181 361
1845 5112 1966 5196 εσροῇεσι
1984 5129 2015 5180 Ν

390 5208 443 5264 363
458 5214 499 5264 Ad
518 5229 610 5266 nemus
626 5214 662 5278 N,
680 5213 882 5268 commerear
954 5213 995 5265 Ad
1013 5229 1103 5266 nemus
1121 5230 1152 5265 ac
1170 5213 1262 5281 pellam
1281 5211 1409 5266 Brlcleler
1495 5211 1547 5266 363
1565 5215 1699 5282 Arripiunt
1716 5213 1837 5267 Bttlsrem

458 5417 511 5476 330
529 5417 681 5488 0103ιί35,
701 5425 751 5476 330
774 5417 914 5476 confessus
939 5435 1064 5474 socerum
1151 5419 1203 5476 333
1227 5417 1305 5490 Very.
1322 5419 1379 5475 brec
1400 5427 1425 5488 4,
1438 5425 1471 5476 30
1492 5419 1529 5476 ad
1547 5419 1721 5478 Troiam...
1739 5420 1868 5476 mittetur
1887 5419 2011 5476 Achilles

356 5519 436 5588 (etat
450 5521 515 5578 Acii.
528 5530 551 5591 l,
564 5521 641 5591 894),·
659 5522 718 5578 lr'cct
729 5522 845 5578 Achillea
861 5539 888 5578 sc
904 5521 1039 5593 deceperit,
1058 5527 1149 5577 tamea
1162 5527 1255 5592 maten
1265 5521 1400 5592 Tyrrhum
1417 5523 1456 5577 cd
1471 5539 1530 5578 cum
1547 5522 1729 5579 catamitum
1746 5521 1817 5576 misit
1886 5523 1938 5580 340
1950 5541 2009 5593 sqq.
2105 5553 2109 5563 ·

355 5637 389 5678 cc
405 5623 472 5679 scca
490 5623 569 5680 Tlclr.
582 5633 606 5694 3,
618 5631 671 5682 303
682 5641 746 5696 sqq,
764 5626 808 5681 liic
825 5641 858 5682 ec
873 5626 947 5695 Vcry.
959 5627 1030 5682 Aen.
1044 5634 1069 5694 4,
1081 5633 1129 5681 333
1139 5641 1192 5696 sqq.
1297 5627 1349 5682 343
1372 5625 1441 5684 Stat.
1464 5627 1540 5683 Theb.
1556 5635 1580 5697 3,
1596 5635 1646 5684 334
1664 5629 1756 5698 ‘quos,
1780 5625 1894 5692 callide,
1917 5631 2009 5683 motus

355 5743 474 5796 quamve
491 5727 588 5800 lugam
606 5728 729 5796 moliris’,
748 5729 798 5796 ait,
816 5729 866 5784 ‘nil
883 5729 987 5785 transit
1005 5724 1156 5786 amantem'
