4590 6390
951 387 1127 444 ROMVLEA
1146 387 1213 444 VIII

649 562 789 650 hospitio
812 562 982 631 Telamon.
1026 585 1133 630 ramos
1157 563 1336 632 frondentis
1359 565 1465 633 olivae

562 683 614 740 255
650 673 818 755 portantes
842 667 884 732 ad
906 673 995 734 teoto
1017 667 1108 734 duois
1131 669 1191 734 sub
1214 669 1356 755 imagine
1380 671 1471 757 panis

649 793 714 838 non
740 793 866 858 paoem,
890 771 948 838 sed
972 772 1060 838 bella
1083 779 1213 858 gerunt3
1239 794 1315 839 uam
1337 773 1425 840 diota
1446 775 1615 859 tenebant,

649 897 734 962 quae
758 881 894 963 possent
917 895 1042 942 armare
1065 877 1179 956 virum,
1202 877 1266 942 nisi
1288 877 1359 944 iura
1381 884 1532 945 vetarent

649 979 792 1066 hospitii,
816 1000 900 1066 quae
923 1001 1019 1046 nemo
1043 985 1138 1066 parat
1160 980 1285 1048 violare
1308 981 1486 1049 modestus.

650 1103 729 1168 rege
752 1083 894 1149 salutato
917 1090 1092 1172 postquam
1115 1084 1236 1170 legatio
1259 1083 1378 1152 Troiae

562 1203 615 1261 200
652 1186 746 1268 sedit,
770 1193 804 1253 et
825 1187 974 1253 Antenor
996 1187 1124 1276 placida
1146 1188 1193 1253 sie
1215 1209 1298 1255 rooe
1322 1190 1481 1277 profatur:

644 1283 866 1378 ‘Troiugenas
889 1311 1042 1379 proceres
1066 1293 1211 1377 stragis
1234 1293 1352 1379 pignus
1375 1293 1417 1360 ad
1440 1294 1560 1376 aulam,

648 1417 709 1462 rex
731 1395 899 1478 Telamon,
922 1396 1052 1461 venisse
1075 1402 1167 1461 tuam
1190 1417 1275 1482 quas
1298 1417 1399 1462 oause
1420 1397 1538 1484 ooegit,

649 1501 815 1567 insinuare
838 1499 950 1566 deoet:
974 1500 1001 1566 si
1023 1500 1160 1567 iusseris
1183 1501 1266 1587 ipse,
1288 1501 1462 1588 loquentur

649 1611 815 1671 consortes
838 1626 925 1672 nuno
948 1625 1003 1670 ore
1026 1626 1100 1672 meo
1123 1605 1177 1672 vel
1199 1606 1291 1692 regia
1313 1607 1431 1693 proles.

562 1723 613 1780 265
648 1707 855 1775 Dardanides
879 1709 1038 1793 Priamus,
1061 1709 1171 1794 gentis
1194 1716 1366 1796 reparator
1387 1717 1421 1776 et
1442 1710 1544 1793 urbis,

649 1833 745 1899 quam
769 1819 895 1879 vestras
918 1814 1094 1899 populasse
1118 1834 1235 1880 manus
1258 1815 1447 1881 meminisse
1470 1815 1620 1898 latemur,

648 1918 743 1983 iussit
765 1917 805 1983 ab
830 1916 932 1983 Iliaoo
955 1917 1100 1984 deleotos
1123 1939 1262 2004 pergere
1285 1939 1387 2006 reguo

649 2020 690 2086 ad
713 2027 770 2088 tuo
792 2043 904 2108 reguo,
926 2027 1054 2108 potens,
1077 2043 1268 2108 germanam
1290 2025 1377 2111 regis
1400 2031 1445 2106 ut,
1468 2025 1578 2110 heros,

648 2125 809 2192 bellorum
833 2147 929 2213 quam
953 2127 1023 2193 iure
1047 2133 1153 2208 tenes,
1177 2127 1211 2192 in
1234 2148 1314 2215 paoo
1336 2127 1508 2196 refundas:

560 2247 613 2306 220
647 2231 794 2317 posceris
816 2230 995 2297 Hesionen.
1041 2232 1127 2297 iaeot
1148 2231 1264 2316 ingens
1287 2231 1386 2298 Troia
1408 2231 1527 2298 favillis

648 2335 768 2404 excidii
791 2355 979 2422 compressa
1002 2335 1062 2416 sui,
1085 2355 1146 2401 neo
1169 2335 1331 2421 Pergama
1353 2335 1470 2402 ductor

648 2439 831 2506 surrexisse
854 2444 958 2526 putat,
981 2438 1044 2504 uisi
1066 2439 1142 2522 iarn,
1165 2461 1226 2507 rex
1248 2461 1379 2526 magne,
1403 2462 1546 2510 sororem

647 2543 829 2610 reddideris
852 2544 933 2629 regi,
957 2564 1041 2630 quae
1064 2565 1151 2610 nuno
1174 2545 1305 2632 captiva
1327 2551 1469 2613 tenetur.

653 2654 749 2735 turpe
772 2647 865 2714 dunis
892 2648 1015 2714 servire
1038 2668 1143 2733 genus
1166 2649 1354 2737 erimauque
1377 2655 1522 2736 putatur,

560 2770 611 2826 225
647 2755 760 2818 sinon
783 2751 870 2818 bella
892 2751 1018 2817 dabunt
1040 2752 1110 2838 regi
1133 2751 1218 2838 quod
1240 2752 1329 2820 bolla
1352 2753 1508 2821 tulerunt.

647 2856 706 2923 sed
729 2877 795 2944 pax
816 2855 877 2922 hoo
901 2860 1015 2942 optata
1036 2861 1150 2942 negat:
1174 2877 1233 2942 pro
1256 2876 1333 2943 rege
1356 2859 1492 2944 rogaris.

646 2968 679 3028 te
702 2961 861 3048 repetisse
884 2967 963 3046 puta
986 2960 1117 3026 Priamo
1140 2960 1304 3028 retinente
1328 2982 1491 3028 sororem:

645 3086 711 3131 uon
734 3065 827 3132 dolor
848 3071 1000 3148 armaret,
1023 3064 1050 3130 si
1073 3085 1138 3130 non
1160 3064 1253 3132 daret
1274 3066 1331 3132 ille
1353 3072 1511 3152 rogatus?

646 3168 732 3256 quod
754 3171 887 3256 peteris,
900 3168 1080 3252 Telamon,
1104 3169 1211 3236 eoelus
1234 3175 1285 3236 est
1308 3175 1342 3236 et
1364 3170 1452 3236 lama
1473 3169 1626 3258 pudoris;

559 3287 611 3346 280
646 3273 790 3339 pasoitur
811 3272 945 3355 invidia,
969 3272 1099 3339 Priamo
1123 3278 1284 3358 regnante
1310 3293 1456 3342 sororem

646 3377 845 3463 Graiugeuis
868 3377 991 3444 servire
1015 3397 1119 3459 suam,
1142 3377 1224 3443 livor
1249 3378 1354 3444 malus
1377 3377 1454 3445 iude

646 3480 803 3546 ereditur:
825 3479 969 3547 “Iliaoas
991 3481 1099 3568 potuit
1120 3501 1274 3568 reparare
1297 3478 1430 3548 ruiuas'’

644 3605 789 3650 murmur
812 3585 875 3650 erit
897 3584 1093 3672 Phrygibus,
1115 3580 1325 3652 “oousortem
1348 3586 1516 3672 sanguinis
1539 3606 1637 3651 unam

645 3709 710 3755 non
732 3686 857 3754 valuit'’
878 3687 988 3754 disent
1009 3686 1138 3755 “rector
1159 3687 1201 3756 de
1224 3709 1303 3774 rege
1326 3687 1493 3755 merori”'.

558 3809 610 3864 285
646 3792 783 3860 dixerat.
829 3799 864 3860 at
885 3792 1045 3860 Telamon
1068 3797 1194 3860 mentes
1218 3793 1367 3859 armabat
1389 3793 1423 3858 in
1445 3794 1529 3870 iras;

645 3918 720 3964 nam
744 3898 850 3984 pietas
873 3897 1011 3963 effeetus
1035 3916 1126 3963 amor
1148 3895 1320 3964 oonoordia
1342 3899 1450 3983 proles

644 4001 828 4070 uouendunt
849 4008 957 4068 motus
979 4002 1012 4066 in
1035 4007 1170 4088 peotore
1193 4001 1282 4068 fellis
1305 4001 1419 4068 amari.

645 4107 820 4173 conubium
842 4107 945 4192 regni,
969 4105 1107 4172 thalami
1129 4107 1293 4173 consortia
1316 4107 1401 4172 sesti

644 4211 794 4278 soiudere
816 4211 1009 4298 poscebant,
1038 4216 1082 4294 et,
1106 4210 1192 4297 quod
1214 4230 1307 4276 mens
1330 4210 1422 4276 nulla
1445 4209 1588 4290 tulisset,

557 4331 609 4390 200
644 4315 758 4382 Aiacis
781 4315 864 4382 haeo
887 4321 993 4382 meter
1015 4318 1105 4381 erat!
1129 4316 1175 4381 sio
1198 4315 1314 4403 inoipit
1337 4335 1393 4381 oro

644 4419 794 4485 turbidas
817 4419 981 4486 Aeacidas
1004 4419 1091 4486 iusta
1113 4404 1292 4487 suooeusus
1314 4419 1347 4485 iu
1369 4420 1432 4485 ira:

640 4515 684 4590 ‘si
707 4524 813 4612 pudor
834 4523 944 4590 Iliaois
967 4530 1024 4590 aut
1046 4523 1212 4591 montibus
1236 4529 1326 4591 esset
1347 4523 1516 4606 honestas,

645 4627 810 4694 exoidium
834 4627 953 4694 Troiae
977 4628 1005 4694 si
1027 4635 1160 4715 pectora
1181 4629 1270 4695 vieta
1292 4627 1452 4714 dolarent,

349 4821 531 4878 2590010100οο
550 4823 580 4874 N
662 4819 715 4875 260
732 4821 846 4886 Sederat,
865 4821 981 4873 Antenor
999 4819 1089 4884 Dralsn,
1107 4821 1186 4883 Sedit,
1204 4821 1241 4873 ita
1258 4822 1290 4874 A.
1309 4822 1406 4890 pleub
1424 4839 1449 4874 v.
1467 4822 1589 4876 Bdlaram
1675 4819 1727 4876 262
1744 4824 1868 4877 Telamon
1881 4822 1910 4874 N

281 4906 333 4960 263
357 4910 473 4962 01000100
496 4912 519 4962 sl
541 4911 576 4972 N,
601 4927 668 4962 corr.
690 4909 805 4960 lannells'
908 4905 960 4960 268
982 4915 1071 4975 pateus
1090 4906 1212 4959 Butram
1281 4908 1353 4961 lusios
1373 4907 1405 4958 N
1506 4907 1559 4961 270
1580 4912 1692 4963 Posteris
1714 4911 1855 4964 Hesionam
1873 4909 1907 4974 N,

246 4995 408 5048 0000710100
477 4994 529 5049 272
546 4997 597 5048 uisi
614 4993 641 5047 isi
657 4995 685 5046 in
703 5011 802 5046 rasura
820 4993 922 5062 (suerat
938 5011 991 5045 uon
1009 4994 1031 5045 si
1048 4993 1088 5045 001
1105 4994 1157 5046 iam
1175 4993 1209 5053 si)
1227 4993 1259 5043 N
1322 4991 1374 5046 276
1393 4995 1420 5047 Si
1439 5011 1490 5060 pax
1509 4995 1546 5060 N,
1564 4997 1666 5049 omani
1734 5013 1781 5065 por
1799 5012 1859 5064 rago
1873 4995 1907 5058 N,

247 5083 447 5136 0000100007Ιί
515 5081 566 5136 277
584 5083 707 5150 repetisse
724 5079 749 5148 (e
763 5081 854 5132 ultima
870 5081 899 5132 in
916 5079 1023 5144 rasura)
1037 5079 1069 5130 N
1132 5077 1184 5133 278
1201 5080 1240 5131 1111
1257 5079 1289 5130 N
1353 5077 1406 5132 279
1424 5089 1532 5147 rogatus
1550 5084 1619 5148 quod
1637 5091 1744 5151 patarea,
1763 5083 1907 5136 Telamon?

246 5169 328 5222 Dalm
408 5167 460 5222 282
478 5171 570 5224 Editur
587 5169 714 5237 Rosrberp
784 5165 836 5220 284
854 5167 943 5220 maiori
961 5167 1017 5218 N.
1069 5163 1120 5218 287
1140 5167 1273 5220 Aoeaduut
1290 5166 1325 5232 N,
1344 5183 1412 5220 aorr.
1426 5167 1544 5220 Iannalla'
1624 5167 1677 5222 290
1695 5171 1803 5238 incipiat
1821 5167 1908 5236 (lpiat

246 5256 274 5308 in
291 5255 400 5322 rasura)
416 5255 452 5322 N,
470 5274 538 5310 corr.
552 5257 669 5310 Iannalls'
737 5252 788 5307 291
808 5255 890 5308 iustas
912 5269 1037 5307 00000000
1054 5253 1082 5306 in
1099 5254 1150 5305 iras
1168 5252 1290 5306 Bolseno
1358 5251 1411 5307 292
1428 5255 1500 5308 iuota
1517 5257 1635 5310 dolorsnt
1653 5257 1687 5322 N,
1705 5255 1907 5310 catalaunem

349 5443 402 5500 254
423 5443 468 5500 Ou.
484 5449 541 5500 0000.
557 5451 583 5513 9,
599 5451 646 5500 990
672 5461 736 5500 oum
756 5442 842 5498 ramis
864 5459 974 5514 semper
991 5439 1147 5498 frondentis
1168 5439 1260 5497 olivae
1283 5441 1377 5512 (1010.
1392 5445 1517 5514 110910·
1606 5444 1658 5501 259
1676 5443 1745 5502 Stat.
1757 5445 1827 5500 Aah.
1840 5453 1863 5514 1,
1875 5453 1910 5502 ot

246 5565 313 5621 rege
331 5549 457 5606 salutato
533 5549 586 5605 282
604 5549 711 5604 100000.
725 5555 826 5617 9,1019
845 5545 1021 5602 Thessalicas
1035 5588 1041 5601 .
1056 5587 1082 5603 ..
1100 5563 1230 5617 reparare
1248 5546 1342 5603 ruinas
1416 5548 1468 5605 287
1486 5548 1590 5604 Arare
1607 5557 1630 5616 1,
1641 5555 1691 5604 049
1708 5548 1799 5604 cordia
1817 5547 1906 5604 amari

246 5651 311 5709 selle
334 5655 444 5708 tumens
524 5652 574 5709 291
593 5651 659 5708 Nat.
679 5651 754 5709 7000.
768 5659 806 5721 19,
818 5658 867 5708 099
884 5651 959 5708 iusta
977 5669 1040 5706 mox
1059 5651 1186 5709 concitus
1204 5651 1247 5708 ira
1265 5652 1441 5723 (0012111)

1648 5757 1697 5814 21·
