4590 6390
1137 384 1339 442 DR-AOONTII

894 566 1028 627 rentum
1051 565 1121 625 erat
1142 559 1184 625 ad
1206 559 1348 642 Thebas,
1371 559 1466 646 pallis
1489 558 1584 626 datur
1605 578 1706 624 aurea
1729 557 1808 642 regi.

810 665 945 730 miratur
967 685 1028 730 rex
1050 665 1122 751 ipse
1146 663 1261 745 03333,
1284 663 1437 729 laudatur
1458 662 1567 746 Iason,

810 768 897 854 quod
919 768 1005 834 freta
1027 767 1114 854 quod
1135 773 1240 834 terras
1264 769 1311 833 sic
1332 767 1414 833 felix
1436 766 1558 855 praedo
1582 771 1730 852 3333133.

811 873 899 958 33313
922 877 1002 938 nata
1024 871 1145 937 decens
1168 871 1277 937 fuerat
1298 871 1519 958 pulcherrima
1543 871 1679 951 Glauce,

723 992 775 1050 370
809 977 875 1041 iam
898 977 950 1042 oui
973 975 1144 1062 virginitas
1167 976 1261 1040 annis
1283 981 1412 1041 matura
1433 974 1596 1050 tumebat;

809 1081 891 1146 haec
914 1080 970 1146 ubi
993 1079 1164 1168 conspexit
1185 1078 1349 1160 iuvenem,
1371 1080 1539 1145 flammata
1561 1079 1665 1144 nitore

811 1190 941 1250 aestuat
964 1191 998 1250 et
1020 1183 1157 1250 laudans
1180 1183 1281 1249 alieni
1303 1182 1452 1250 mambra
1474 1183 1582 1248 mariti

811 1293 902 1375 optat
924 1287 1047 1354 habere
1070 1289 1183 1354 virum.
1228 1286 1338 1352 sonuit
1360 1287 1518 1373 genitoris
1543 1285 1584 1352 ad
1607 1305 1716 1351 aures.

810 1397 887 1457 tunc
910 1399 1018 1458 rector
1040 1391 1215 1456 Thebanus
1237 1391 1298 1455 ait:
1322 1389 1363 1455 ‘si
1384 1389 1532 1476 Iuppiter
1553 1395 1677 1472 auctor,

723 1511 776 1568 313
812 1497 840 1560 31
861 1495 1029 1577 Lachesis,
1054 1495 1082 1560 si
1103 1495 1172 1560 1313
1194 1494 1318 1573 iubent,
1341 1494 1387 1558 nil
1410 1493 1483 1580 ipse
1506 1493 1668 1561 morabor.

810 1599 985 1686 progenies
1008 1619 1083 1664 mea
1104 1605 1199 1684 turpe
1222 1598 1326 1684 cupit:
1350 1596 1496 1663 Fortuna
1517 1597 1665 1664 favorem

809 1708 953 1789 praestet
975 1708 1009 1768 et
1030 1702 1190 1768 innumeri
1212 1700 1348 1766 laudent
1370 1722 1429 1788 per
1451 1702 1562 1768 saecla
1584 1705 1732 1788 nepotes.

810 1807 955 1893 virgineo
978 1804 1109 1871 dabitur
1129 1805 1224 1891 pellis
1248 1825 1322 1870 cum
1345 1805 1422 1871 dcte
1445 1804 1585 1893 pudori.³

808 1910 939 1976 finierat
961 1910 1077 1976 senior.
1123 1914 1235 1974 votum
1259 1909 1413 1994 cognorit
1435 1909 1536 1975 Iason

723 2031 775 2089 333
811 2021 844 2079 31
865 2019 977 2100 grates
1000 2014 1124 2081 electus
1147 2014 1224 2099 agit.
1271 2019 1447 2100 praecepta
1469 2020 1626 2102 tyrannus

809 2117 959 2183 diffundit
980 2139 1041 2204 per
1062 2137 1165 2203 33333
1187 2137 1319 2198 333333,
1342 2118 1459 2182 1331131
1486 2118 1628 2204 iniquus,

810 2228 847 2286 ut
868 2222 1001 2287 veniant
1023 2219 1065 2286 ad
1087 2227 1166 2286 vota
1188 2220 1298 2288 duces.
1342 2220 1419 2287 dum
1442 2221 1528 2288 festa
1551 2228 1718 2310 parantur,

811 2327 965 2412 cognovit
987 2325 1106 2391 Medea
1129 2324 1221 2390 nolas
1244 2345 1305 2391 nec
1328 2325 1454 2391 tardius
1477 2325 1558 2392 illud

812 2428 963 2505 credidit;
985 2429 1149 2515 ingratum
1172 2450 1247 2494 nam
1271 2435 1419 2495 senserat
1441 2431 1513 2516 ipsa
1535 2431 1698 2500 maritum.

724 2551 775 2606 385
810 2540 887 2600 ante
910 2533 996 2599 diem
1017 2540 1129 2600 tamen
1151 2533 1208 2598 1113
1231 2532 1355 2615 dolens,
1379 2553 1453 2599 cum
1476 2541 1625 2600 cerneret
1648 2536 1757 2600 aulam
1867 2559 1869 2562 ·

810 2646 844 2705 et
865 2639 952 2724 regis
974 2637 1102 2704 fervere
1127 2637 1267 2719 domum,
1291 2659 1363 2703 cum
1387 2659 1507 2724 magna
1529 2644 1686 2726 parantur

810 2742 950 2831 prandia
972 2741 1114 2827 (venturi
1136 2741 1311 2808 mittebant
1332 2743 1481 2828 praemia
1503 2743 1627 2829 reges),

811 2847 978 2932 signorum
1001 2866 1116 2910 cursus
1140 2851 1174 2912 et
1194 2847 1314 2932 plenae
1338 2867 1460 2912 cornua
1481 2847 1580 2913 lunae

811 2950 966 3038 captabat
987 2948 1105 3015 Medea
1127 2949 1252 3015 furens:
1275 2949 1341 3014 ianr
1365 2950 1527 3016 clauserat
1549 2950 1663 3016 orbem

724 3071 777 3129 393
813 3054 955 3142 Oynthia
978 3052 1115 3119 sidereis
1138 3052 1372 3118 transcendens
1396 3053 1534 3119 saltibus
1559 3060 1658 3119 astra.

811 3179 889 3224 mox
911 3157 1042 3224 03131113
1066 3177 1102 3222 33
1125 3158 1251 3243 spargit
1272 3159 1364 3244 aquis
1388 3163 1421 3222 et
1443 3157 1598 3244 sulphure
1620 3179 1701 3244 puro

812 3284 886 3329 cum
909 3261 1015 3328 taedis
1039 3261 1165 3326 fumans
1187 3261 1350 3348 purgabat
1373 3262 1519 3328 membra
1542 3261 1694 3328 sacerdos

811 3373 844 3432 et
866 3385 1016 3452 campum
1040 3370 1169 3431 secreta
1190 3371 1316 3450 petens,
1339 3364 1396 3430 ubi
1417 3365 1506 3431 mille
1530 3364 1716 3454 sepulchra,

812 3471 943 3536 astabat
965 3468 1095 3535 deiecta
1118 3469 1240 3549 oculos,
1264 3468 1415 3535 confessa
1438 3475 1576 3551 reatum,

724 3591 776 3648 395
812 3580 846 3640 31
867 3572 995 3637 Lunam
1018 3571 1168 3636 manibus
1192 3571 1294 3636 tensis
1318 3592 1390 3636 cum
1413 3593 1494 3638 voce
1516 3578 1682 3658 precatur:

810 3677 985 3742 ‘astrorum
1007 3676 1169 3762 princeps,
1193 3675 1359 3760 signorum
1383 3677 1489 3761 333113
1511 3676 1640 3762 fulgens

811 3787 845 3848 et
867 3780 951 3845 caeli
973 3778 1134 3845 stellantis
1158 3779 1272 3859 honos,
1297 3779 1447 3866 caliginis
1469 3780 1575 3845 hostis

810 3907 849 3949 ac
872 3889 1101 3950 nocturnorum
1123 3883 1245 3968 triplex
1267 3885 1383 3969 regina
1405 3884 1554 3970 polorum

813 3993 913 4075 atque
936 3987 1145 4052 tenebrarum
1169 3985 1344 4072 splendens
1366 3993 1505 4072 patrona
1527 4007 1685 4067 mearum,

724 4108 776 4166 400
811 4093 864 4156 cui
887 4111 1004 4156 cancer
1026 4088 1141 4154 domus
1167 4088 1256 4174 (est),
1280 4109 1339 4154 ora
1362 4090 1542 4155 clarissima
1564 4089 1688 4170 mundi,

810 4193 948 4260 brachia
970 4197 1188 4278 contorquens
1212 4192 1326 4274 stellis,
1350 4213 1435 4278 quae
1457 4213 1572 4260 mense
1595 4214 1754 4280 peragras

518 4386 571 4440 310
588 4387 695 4439 timebat
710 4403 730 4436 3
799 4382 1001 4437 3123133133]
1019 4389 1045 4436 31
1061 4382 1113 4446 Nn,
1132 4382 1295 4437 3333113133
1364 4381 1416 4437 316
1429 4392 1494 4452 pulo
1512 4392 1587 4452 turpe
1604 4384 1729 4437 13331331
1747 4383 1829 4436 rimNe
1846 4393 1874 4436 ut
1892 4385 1923 4436 ds
1936 4383 2072 4438 Haemona

416 4509 505 4544 333333
517 4493 589 4559 fiant
605 4491 683 4542 uerbo
765 4486 815 4540 311
834 4489 952 4540 Praestet
976 4487 1146 4540 131Βᾶ113333
1200 4481 1204 4489 ¹
1230 4484 1282 4540 380
1299 4456 1383 4553 3113133
1402 4487 1435 4552 Ν,
1455 4487 1582 4540 electura
1650 4488 1706 4555 agit
1722 4503 1753 4540 33
1775 4488 1812 4539 311
1833 4487 1950 4551 3333111,
1975 4490 2030 4556 agit
2054 4507 2074 4540 n

450 4576 502 4630 382
527 4581 595 4630 testa
612 4576 702 4642 Dabo,
728 4583 797 4628 scsta
821 4574 855 4639 N,
877 4583 951 4627 sexta
972 4592 992 4626 3
1100 4572 1152 4626 384
1178 4590 1239 4626 nam
1255 4575 1391 4640 1131313133,
1413 4592 1462 4628 333
1479 4575 1511 4625 Ν
1574 4563 1684 4641 133111,
1708 4574 1764 4642 ipse
1781 4593 1799 4625 3
1890 4571 2074 4627 381Ρ333113

416 4664 552 4726 Rhakelos,
570 4665 673 4716 Premis
690 4662 721 4712 N
785 4657 835 4712 391
855 4661 981 4728 sulphure
1000 4677 1065 4729 puro
1084 4661 1165 4728 (largo
1184 4660 1247 4725 Leo)
1266 4678 1318 4728 epo,
1336 4661 1464 4729 sulphura
1480 4661 1555 4714 lauro
1572 4660 1611 4726 N;
1629 4661 1793 4714 1333333313
1813 4659 2074 4722 133331313133133,·

414 4752 527 4820 sortasse
548 4759 618 4803 31333
639 4749 878 4815 3333133131333,
902 4748 974 4800 lauro
1067 4745 1119 4798 394
1142 4748 1255 4800 Astabat
1276 4746 1411 4810 Brtclralar,
1434 4747 1526 4800 Stabat
1544 4746 1576 4797 N
1656 4744 1710 4799 400
1726 4755 1765 4800 est
1789 4747 1958 4799 3133133333
1977 4747 2074 4811 33311,

416 4837 573 4888 3313111313
659 4832 709 4888 401
729 4835 839 4901 stellisq3
857 4850 945 4886 mense
963 4833 997 4899 N,
1015 4833 1176 4886 3333113113

519 5005 570 5060 360
588 5003 828 5072 8131.11331.9,33
848 5006 962 5059 ventum
980 5007 1041 5060 erat
1059 5003 1095 5059 ad
1113 5003 1225 5058 Thebas
1312 5000 1364 5058 368
1381 5001 1578 5058 3133133333
1596 5002 1704 5058 caelum
1781 5002 1888 5057 113333.
1901 5008 1941 5069 10,
1955 5007 1987 5054 21
2004 4999 2072 5056 felix

415 5107 519 5177 praedo
620 5107 673 5164 310
696 5106 764 5162 Stat.
781 5108 847 5164 Aah.
867 5117 889 5175 1,
905 5115 953 5164 299
977 5107 1127 5178 3133131133
1149 5111 1260 5164 matura
1284 5105 1352 5162 toris
1377 5105 1499 5174 annique
1522 5107 1664 5161 tumentes
1684 5105 1775 5176 (7333.
1793 5106 1863 5162 Aeo.
1882 5111 1902 5169 1,
1918 5109 1952 5158 33
1977 5100 2072 5158 Claud.

415 5211 759 5278 3319333130313013
773 5211 889 5280 3333133)
992 5209 1044 5267 380
1062 5210 1128 5264 Stat.
1141 5211 1208 5265 Acb.
1222 5219 1244 5276 1,
1255 5215 1304 5264 308
1325 5211 1354 5265 et
1376 5211 1471 5280 grates
1494 5209 1600 5264 3133133
1623 5208 1686 5280 3311
1767 5208 1840 5264 391
1863 5205 1959 5261 110311.
1972 5215 1993 5270 1,
2006 5215 2030 5274 ὀ,
2044 5215 2072 5260 11

416 5314 550 5384 sulphure
573 5333 652 5386 puro.
691 5315 848 5386 13331133.
863 5321 951 5383 3398
976 5315 1034 5370 1313
1060 5314 1163 5370 circum
1186 5314 1249 5369 loca
1271 5313 1386 5383 sulpure
1404 5313 1515 5368 fumant
1609 5313 1661 5369 394
1685 5312 1760 5381 Vcrp.
1773 5311 1841 5365 Aca.
1855 5318 1892 5377 11,
1906 5315 1959 5364 180
1976 5309 2073 5364 333133

320 5461 322 5466 .
416 5415 527 5472 deiecta
546 5418 658 5474 decoros
751 5419 803 5474 395
828 5417 902 5486 Vcrp.
921 5419 987 5473 Aera
1006 5426 1029 5487 9,
1045 5425 1096 5474 103
1117 5417 1269 5488 suspiciens
1287 5417 1376 5473 altem
1394 5416 1500 5472 hunam
1518 5416 1558 5472 sic
1581 5433 1649 5472 voce
1667 5417 1805 5485 precatur.
1831 5418 1855 5480 3,
1868 5419 1913 5467 110
1930 5411 2072 5481 tendoque

415 5519 531 5590 supinas
554 5521 591 5576 ad
614 5521 722 5576 caelum
744 5539 808 5576 oum
831 5538 898 5576 voce
915 5538 1013 5576 manus
1030 5521 1083 5590 (10,
1095 5527 1147 5576 667
1166 5520 1235 5575 Stat.
1255 5521 1332 5576 Theb.
1347 5525 1454 5591 3143).
1476 5521 1512 5588 cs.
1527 5520 1679 5576 03331680
1695 5536 1755 5575 3333
1771 5523 1838 5575 octo
1924 5517 1976 5574 396
1995 5515 2071 5588 Varp.

416 5626 583 5694 11333105
601 5629 738 5682 astrorum
756 5625 839 5680 decus
908 5627 961 5684 400
977 5643 999 5680 3.
1014 5625 1071 5682 ind.
1084 5641 1104 5680 3.
1117 5643 1139 5681 3.
1159 5641 1259 5680 cancer
