4590 6390
1113 403 1317 462 DRACONTII

713 601 747 655 25
868 582 1037 648 ductorum
1061 581 1184 664 ductor,
1206 602 1321 666 regum
1344 601 1404 646 rex
1427 580 1494 645 dux
1517 579 1746 666 Agamemnon

782 693 857 774 post
878 687 942 752 duo
965 687 1068 752 lustra
1090 685 1196 750 redux
1218 691 1251 750 et
1274 689 1349 772 post
1372 683 1435 749 duo
1457 684 1547 750 bella
1563 685 1767 771 triumphans

781 792 901 858 Martia
923 791 1120 878 bellipotens
1143 789 1307 855 referebat
1329 788 1467 854 classica
1489 788 1652 876 princeps,

781 895 943 983 puppibus
966 893 1130 980 Argolicis
1152 915 1213 960 rex
1235 893 1400 980 Pergama
1421 893 1509 958 victa
1531 898 1704 979 reportans

781 1002 966 1086 Iliacasque
989 1021 1089 1065 nurus
1113 1005 1146 1064 et
1168 997 1286 1064 Troica
1308 999 1454 1084 germine
1476 1003 1627 1066 matrum.

712 1123 746 1178 30
781 1105 911 1170 divitias
933 1103 1034 1169 Asiae
1057 1125 1117 1169 rex
1141 1121 1279 1168 censens
1304 1101 1398 1167 corde
1421 1102 1531 1166 silenti

781 1208 925 1274 maxima
946 1207 1102 1273 fulmineo
1125 1206 1271 1272 dictabat
1292 1205 1378 1271 dona
1401 1205 1551 1285 Tonanti,

782 1313 906 1400 optima
927 1311 1044 1378 Iunoni
1067 1309 1229 1376 scribebat
1251 1330 1388 1375 munera
1410 1331 1551 1396 magnae

782 1424 880 1505 atque
902 1415 1099 1482 Mineruales
1122 1413 1216 1480 donis
1240 1412 1383 1480 addebat
1404 1412 1554 1479 Athenas

782 1520 933 1586 omnibns
957 1525 990 1585 et
1013 1519 1150 1606 superis,
1173 1517 1298 1583 Danais
1322 1517 1518 1604 quicumque
1540 1517 1706 1583 favebant.

712 1643 746 1698 35
781 1625 910 1692 nescius
932 1625 1045 1689 uxoris
1069 1623 1297 1708 scelerumque
1319 1621 1455 1708 ignarus
1478 1620 1585 1708 Egisti

782 1729 869 1795 dona
891 1727 1152 1816 Clytaemestrae
1175 1747 1242 1792 non
1265 1725 1385 1810 dignae
1409 1726 1512 1790 multa
1534 1726 1688 1812 parabat;

780 1835 919 1922 plurima
943 1830 1114 1897 subridens
1136 1831 1266 1916 genitor
1288 1829 1431 1916 disponit
1455 1829 1574 1913 Oresti,

782 1957 866 2024 quae
890 1935 1024 2023 aptabat
1046 1933 1179 2022 pietatis
1203 1933 1372 2000 amorrei
1395 1935 1486 2020 origo
1510 1941 1659 2022 paterna,

780 2061 847 2106 non
869 2046 981 2106 tamen
1003 2059 1109 2125 aequa
1132 2038 1229 2104 simul
1253 2038 1377 2104 meritis
1401 2039 1581 2126 animisque
1606 2039 1738 2117 latusim

712 2163 747 2218 1ο
782 2145 868 2210 dona
891 2142 1095 2210 verecundae
1118 2141 1269 2208 servabat
1291 2143 1405 2230 pulcra
1428 2143 1568 2230 puellae.

867 2249 994 2315 interea
1016 2245 1161 2312 findebat
1183 2247 1246 2312 iter
1267 2267 1327 2334 per
1349 2247 1481 2312 caerula
1503 2249 1606 2335 ponti.

782 2354 866 2419 irato
889 2351 1065 2438 tranquilla
1087 2351 1148 2416 deo
1170 2348 1391 2416 recidentibus
1415 2352 1503 2417 euris

782 2455 921 2524 eandida
943 2455 1108 2542 fluctivagi
1131 2453 1312 2520 tendebant
1335 2455 1473 2521 carbasa
1495 2457 1599 2522 venti:

782 2583 844 2648 quo
866 2581 931 2626 non
954 2580 1067 2626 cursus
1090 2566 1171 2642 erat,
1195 2557 1253 2625 sed
1276 2580 1339 2646 quo
1364 2559 1432 2624 dux
1454 2560 1572 2648 inpulit
1596 2569 1717 2644 auster,

711 2684 746 2738 45
782 2665 922 2732 Taurica
944 2663 1128 2752 perducunt
1151 2661 1193 2728 ad
1215 2663 1311 2728 litora
1334 2670 1442 2729 castra
1464 2663 1618 2752 Pelasga.

781 2771 920 2857 imperat
943 2767 1117 2834 indomitus
1140 2767 1295 2855 praedam
1317 2767 1445 2854 praeire
1469 2768 1617 2856 Mycenis

782 2875 853 2960 ipse
878 2879 1049 2940 secuturus
1072 2879 1146 2959 post
1167 2878 1246 2938 vota
1269 2873 1377 2938 soluta
1399 2872 1539 2942 Dianae.

783 2976 964 3064 ingreditur
986 2977 1145 3064 templum
1168 2977 1320 3064 supplex,
1343 2985 1540 3043 veneranter
1562 2977 1677 3044 odorat

782 3083 916 3148 numina
939 3088 1030 3148 casta
1052 3081 1145 3147 deae.
1191 3079 1267 3145 dum
1291 3080 1392 3146 ferret
1414 3103 1532 3147 munus
1556 3083 1598 3148 ad
1622 3105 1712 3148 aram

713 3204 748 3262 50
783 3187 939 3270 (stamina
960 3206 1158 3274 purpureum
1180 3183 1361 3273 pingebant
1385 3187 1493 3252 serica
1515 3186 1636 3270 velum,

781 3291 878 3379 pepla
901 3290 1119 3356 coruscabant
1140 3291 1240 3356 variis
1263 3297 1430 3376 gemmata
1451 3291 1599 3378 lapillis),

782 3396 863 3462 vidit
885 3395 1093 3484 Iphigeniam
1115 3395 1257 3461 turibula
1280 3417 1354 3462 sera
1376 3395 1546 3462 ferentem.

783 3501 900 3566 haeret
922 3505 956 3565 et
979 3499 1134 3564 attonitos
1157 3499 1267 3564 oculos
1290 3499 1324 3563 in
1347 3500 1472 3584 virgine
1496 3500 1582 3586 figit:

784 3603 944 3692 obstipuit
966 3605 1072 3690 pietas
1095 3608 1128 3667 at
1150 3623 1241 3666 mens
1265 3601 1329 3666 sibi
1352 3601 1484 3667 conseia
1506 3605 1611 3689 pravi.

714 3727 747 3782 55
783 3711 914 3795 agmine
937 3727 996 3795 pro
1020 3707 1171 3772 Danaum
1195 3706 1298 3770 cultro
1322 3705 1463 3772 feriente
1487 3708 1615 3774 litatum

783 3818 921 3879 noverat
944 3817 978 3877 et
1001 3811 1140 3876 similem
1164 3810 1253 3875 nasei
1276 3808 1423 3896 potuisse
1448 3811 1598 3897 putabat.

388 3943 800 3956 ..-...-...—--n——-—--——

490 4032 525 4085 25
537 4034 590 4085 dux
603 4049 648 4084 rex
661 4030 686 4081 Β
749 4023 910 4096 Agamemnb
922 4023 1036 4092 (virgula
1047 4021 1264 4091 erepraodclcte)
1277 4021 1302 4073 Β
1371 4021 1405 4074 26
1418 4023 1491 4075 relux
1504 4021 1530 4072 B
1593 4030 1619 4075 et
1631 4033 1688 4092 post
1699 4024 1752 4078 dua
1766 4026 1836 4079 uella
1848 4027 1881 4092 Β,
1893 4035 1948 4096 post
1962 4027 2044 4079 ardna

387 4121 456 4174 bella
475 4119 575 4186 Pciper,
594 4128 622 4170 at
639 4118 673 4184 cf.
689 4113 973 4182 Apollod.epit.3,18.
990 4115 1020 4163 19
1089 4108 1124 4161 29
1141 4109 1262 4193 Iliagasq3
1280 4109 1305 4159 Β
1374 4108 1406 4161 31
1427 4111 1549 4162 flumineo
1567 4109 1593 4162 B
1661 4108 1695 4164 32
1713 4113 1815 4165 iunonis
1837 4113 1870 4179 A,
1890 4116 1994 4167 lunonis
2010 4115 2044 4180 Β,

385 4224 454 4259 corr.
468 4207 496 4260 0.
510 4207 542 4258 G.
555 4207 653 4258 Mortes
744 4203 778 4257 33
796 4203 916 4257 adolebat
939 4201 1032 4267 Peipcr
1118 4199 1153 4253 34
1171 4205 1230 4252 anta
1248 4197 1282 4253 33
1295 4201 1385 4266 poenit
1402 4201 1493 4254 Haece
1580 4202 1614 4255 35
1637 4205 1784 4256 NesciusB
1870 4205 1904 4257 33
1922 4208 1998 4258 diens
2019 4205 2045 4256 Β

421 4289 456 4343 38
480 4297 574 4359 patena
597 4291 631 4357 B,
656 4293 756 4359 parenti
782 4289 815 4355 A,
841 4305 909 4342 corr.
926 4287 1017 4339 Haase
1103 4284 1138 4338 39
1160 4287 1237 4338 simul
1261 4285 1294 4352 Β,
1313 4289 1368 4339 suis
1386 4287 1411 4338 A
1506 4286 1541 4340 43
1562 4305 1672 4342 cerussa
1695 4293 1765 4357 penti
1789 4291 1813 4356 (e
1838 4292 1955 4344 rodendo
1978 4293 2006 4343 in
2029 4309 2044 4342 o

385 4378 483 4428 mamni
504 4377 603 4444 coepta)
624 4377 650 4429 Β
742 4375 778 4430 44
800 4379 847 4428 lux
868 4375 894 4430 B
981 4381 1068 4426 auster
1091 4372 1222 4437 Schwabe,
1241 4380 1308 4426 ester
1332 4374 1366 4440 Β,
1392 4375 1481 4428 aether
1500 4376 1533 4439 A,
1555 4383 1643 4428 aestus
1660 4376 1782 4430 Bdlrreae
1871 4378 1907 4432 45
1932 4387 2045 4430 transtra

387 4464 419 4516 L.
432 4464 530 4516 Mitllcr
599 4465 700 4532 palasea
718 4463 750 4530 Β,
769 4461 911 4531 pelasgiA
990 4457 1023 4511 47
1042 4468 1151 4527 posuota
1169 4459 1194 4510 Β
1274 4458 1308 4512 49
1326 4467 1398 4514 caste
1415 4463 1463 4513 dae
1482 4461 1507 4511 Β
1577 4464 1642 4515 ferre
1660 4463 1693 4528 B,
1712 4466 1777 4516 seret
1795 4465 1819 4514 A
1903 4463 1939 4517 30
1956 4467 2044 4532 pigne-

386 4553 451 4604 bant
475 4550 520 4614 13¹,
542 4567 609 4602 corr.
630 4551 668 4602 ΒΙ
759 4550 845 4617 scriga
871 4549 933 4600 uela
956 4546 988 4612 Β,
1011 4547 1095 4599 serica
1119 4547 1216 4598 uallum
1240 4547 1264 4596 A
1357 4546 1391 4599 32
1413 4549 1543 4615 iligeniam
1569 4548 1602 4614 Β,
1628 4551 1791 4617 ephigeniam
1817 4549 1841 4601 A
1920 4553 2046 4603 trsrahula

387 4637 456 4704 (coll.
470 4637 529 4690 Alc.
547 4638 593 4689 Ac.
606 4655 636 4705 p.
652 4640 694 4702 38,
712 4637 755 4704 23)
776 4637 870 4702 Peipcr
938 4651 994 4686 sero
1014 4633 1046 4698 A,
1069 4649 1141 4686 sacra
1161 4633 1187 4686 Ο.
1201 4633 1233 4686 Ο.
1247 4633 1345 4686 Mr'r'llcr
1431 4633 1465 4686 54
1484 4635 1625 4704 Obstupuit
1643 4637 1667 4686 A
1738 4638 1788 4688 siui
1813 4639 1911 4690 constia
1929 4639 2002 4704 prelii
2021 4638 2046 4688 Β

420 4723 455 4778 bb
472 4726 557 4778 cultor
574 4725 600 4776 Β
668 4724 741 4776 litata
759 4723 784 4774 Β

389 4847 540 4858 μ...-

490 4949 524 5004 25
546 4947 599 5002 Oia
612 4945 649 5002 ad
666 4947 723 5002 Att.
737 4953 777 5014 14,
791 4951 871 5012 11·,2
888 4943 1092 5016 Agamemnoni
1109 4961 1206 5016 regum
1224 4943 1293 5015 regi.
1327 4943 1372 5000 Oe.
1389 4945 1462 5013 11111.
1478 4949 1506 5013 8,
1522 4953 1556 5000 44
1574 4945 1629 5001 dux
1648 4949 1709 5001 erat
1726 4945 1775 5002 ille
1793 4946 1916 5016 (Apum.)
1934 4943 2045 5002 ducum.

387 5049 450 5105 Sca.
463 5051 558 5120 Aeso
579 5067 627 5106 rex
651 5049 701 5106 ille
724 5067 834 5120 regum,
860 5049 960 5104 ductor
981 5049 1172 5122 Agamemnon
1196 5049 1305 5103 dueum.
1335 5047 1444 5104 Homer.
1457 5054 1508 5104 983
1525 5047 1624 5104 Hector
1646 5050 1702 5105 dux
1725 5049 1773 5105 ille
1791 5050 1900 5104 ducum.
1937 5049 2045 5118 eortpp.

388 5153 445 5209 loll.
459 5163 480 5220 1,
495 5161 531 5209 60
555 5154 749 5210 ductorem...
775 5153 876 5207 ducum
971 5153 1004 5207 21
1034 5153 1129 5220 Tibi,
1151 5161 1172 5220 1,
1193 5159 1210 5205 4
1234 5151 1393 5207 Martia...
1416 5152 1533 5208 classica
1626 5153 2047 5222 280fi110r.eptst.e,1‚193

423 5258 457 5312 29
475 5257 522 5312 Sil.
535 5264 559 5326 3,
573 5265 621 5312 151
640 5257 800 5326 Iliacaeque
813 5275 898 5311 nurus
983 5257 1019 5312 43
1039 5257 1180 5322 11111119,
1195 5263 1225 5310 11
1242 5255 1362 5312 tendunt
1379 5255 1449 5310 mihi
1468 5256 1584 5312 carbasa
1597 5259 1682 5313 venti.
1708 5255 1766 5312 Vol.
1782 5256 1827 5311 Ft.
1840 5266 1865 5324 4,
1878 5264 1928 5310 422
1940 5257 2046 5326 placidi

388 5361 544 5416 tendebant
568 5361 684 5416 carbasa
710 5361 786 5416 venti
881 5363 915 5416 47
939 5361 983 5416 Oc.
1000 5365 1058 5415 met.
1075 5369 1098 5428 5,
1111 5367 1162 5415 289
1180 5359 1240 5431 ipse
1258 5363 1387 5415 secuturo
1483 5361 1517 5414 52
1536 5378 1597 5416 scra
1620 5377 1690 5430 quac
1713 5362 1777 5415 clim
1799 5361 1856 5428 ipsc
1874 5365 1932 5414 erat
1950 5360 2046 5412 oblitam

424 5465 912 5534 5311111111101011101...
931 5464 1339 5536 invirginefixns(cs.12,70.
1368 5465 1598 5536 0111114191)
1685 5467 1719 5521 54
1744 5465 1818 5534 lbra.
1832 5465 1899 5519 Aen.
1913 5473 1933 5528 1,
1948 5472 1998 5518 601
2017 5467 2047 5519 et

389 5585 467 5625 mens
484 5568 539 5625 sibi
557 5569 669 5625 conscia
688 5569 758 5627 recti
776 5570 821 5638 (cs.
833 5569 902 5624 Stat.
918 5569 1113 5640 2111314116).
1140 5570 1223 5627 Antt.
1238 5576 1277 5638 21,
1291 5577 1343 5624 240
1360 5573 1389 5625 et
1408 5587 1483 5624 mens
1507 5573 1550 5626 est
1569 5571 1680 5626 conscia
1698 5553 1779 5640 pravi
1873 5569 1908 5624 5ss
1927 5565 1973 5621 01.
1986 5569 2046 5622 met.

391 5681 412 5743 1,
425 5680 476 5729 310
498 5673 648 5730 miraturus
666 5678 727 5730 erat
745 5674 822 5729 nasci
840 5675 973 5746 potuisse.
1009 5685 1046 5746 11,
1059 5683 1112 5733 388
1129 5675 1206 5732 nasci
1225 5675 1350 5745 potuisse
1369 5677 1483 5745 putaret
