4568 6396
768 335 816 392 DE
833 335 973 392 EVGENI
991 335 1191 394 GODIOIBVS.
1774 337 1813 392 11,

153 512 188 574 in
209 510 367 576 iudicibus
388 510 551 576 verborum
573 514 602 576 et
621 511 825 594 qrammatico
846 529 931 576 meas
952 529 1046 577 curas
1068 511 1155 576 leand
1175 529 1251 576 roro
1272 514 1382 576 auctis
1403 511 1451 577 vel
1471 513 1624 593 speeteitm
1639 529 1711 577 esse.
1747 511 1811 578 soto

153 613 188 678 de
209 613 312 680 indice
334 613 570 697 arthoqraphicc
592 613 792 680 adiciendum
813 613 946 698 aliquid.
991 615 1147 696 composui
1168 633 1233 680 non
1259 615 1360 680 solum
1386 618 1423 679 nt
1447 618 1639 696 apparatum
1669 615 1812 681 criticum

153 736 353 782 exonerarem
374 717 632 783 admonitionibus
653 715 697 782 ad
717 716 935 784 constituenda
956 717 1050 784 verba
1068 716 1139 804 fere
1160 718 1344 797 inutilibus,
1373 717 1429 783 sed
1454 718 1548 782 etiam
1573 723 1610 783 nt
1632 739 1696 800 pro
1717 725 1814 804 parte

153 821 241 886 virili
264 821 467 902 aliquantum
489 819 665 907 conferrem
687 820 731 886 ad
752 821 991 905 coquoscendam
1012 821 1177 887 historiam
1198 821 1247 886 rei
1274 820 1527 904 arthoqraphicae
1555 821 1689 902 latinae,
1717 843 1812 904 quom

154 929 219 988 tum
241 923 364 988 &mam
386 925 478 990 certis
498 925 536 988 in
551 925 723 1006 permultis
750 925 986 1007 quaestionibus
1005 924 1223 1006 fundamentis
1248 925 1401 990 niauram
1427 943 1492 991 csse
1522 929 1642 991 constat
1668 946 1738 991 cum
1764 927 1813 992 vel

152 1028 359 1108 posteriorum
381 1028 577 1093 soeculorum
603 1048 681 1094 usses
707 1033 736 1094 et
757 1029 840 1094 ratio
861 1029 1019 1094 scribendi
1046 1028 1230 1112 diliqentius
1260 1032 1354 1094 erant
1380 1029 1554 1110 explorata.
1603 1029 1699 1095 simul
1728 1029 1815 1112 aptis

154 1131 226 1195 lacis
253 1131 404 1196 adnotavi
436 1131 466 1196 si
493 1131 574 1214 quid
593 1151 633 1198 eoo
663 1153 697 1198 re
725 1132 964 1217 orthoqraphica
992 1132 1170 1198 obstrusius
1200 1132 1237 1197 de
1266 1132 1387 1215 oriqine
1416 1137 1446 1198 ot
1473 1137 1648 1213 parentatu
1675 1134 1812 1200 codicum

154 1236 292 1320 coquasci
310 1238 445 1316 poterat.

253 1339 380 1421 iainque
400 1340 481 1404 satis
495 1338 685 1425 praefatum
706 1359 772 1406 esse
793 1340 932 1405 arbitror
953 1344 990 1404 ul
1012 1340 1068 1422 qui
1088 1339 1144 1404 hoe
1165 1339 1246 1404 libro
1267 1342 1340 1403 ante
1363 1337 1419 1403 hos
1440 1343 1553 1421 septem
1581 1360 1683 1406 anuos
1711 1346 1815 1424 coepto

154 1446 181 1506 et
202 1442 330 1523 saepius
351 1442 388 1507 ob
410 1443 479 1508 alia
501 1443 627 1527 neqotia
649 1444 757 1510 relicto
778 1463 835 1509 nec
856 1443 1001 1508 derelicto
1023 1444 1117 1508 usuri
1139 1447 1215 1506 sunt
1236 1441 1315 1523 quid
1334 1445 1458 1507 secutus
1479 1443 1615 1524 quidque
1637 1449 1815 1511 consecutus

153 1545 209 1610 sim
244 1545 390 1611 iudicare
421 1547 558 1612 valeant.
616 1565 673 1612 nec
709 1551 813 1612 tamen
845 1545 928 1612 decet
964 1547 1056 1612 silere
1089 1547 1146 1628 qui
1175 1564 1254 1628 opas
1284 1549 1342 1609 aut
1377 1545 1540 1610 suaserint
1572 1550 1629 1610 aut
1664 1547 1813 1614 iuverint.

155 1645 502 1716 BVEOHELERVs
523 1649 636 1732 iqitur,
666 1648 710 1714 ad
731 1669 820 1730 quem
842 1648 945 1713 redire
967 1648 1043 1714 libri
1065 1648 1161 1713 initia
1180 1651 1272 1732 qrato
1292 1647 1400 1713 anima
1422 1647 1522 1713 libens
1537 1650 1698 1731 profiteor,
1721 1651 1815 1716 illum

154 1771 238 1832 quem
260 1751 336 1816 olim
357 1751 576 1817 Monumentis
600 1752 793 1819 Germaniae
813 1770 846 1817 se
864 1753 1092 1833 praestiturum
1113 1752 1180 1834 ipse
1196 1753 1390 1834 promiserat
1410 1756 1446 1816 nt
1460 1751 1613 1818 edendnm
1627 1755 1816 1836 susciperem

155 1853 376 1919 Merobaudem
398 1875 446 1919 me
467 1853 610 1920 hmtatus
628 1853 912 1934 MOMMSENO,
935 1857 1025 1921 cuius
1047 1855 1160 1921 sideris
1182 1856 1279 1921 lucem
1301 1875 1388 1920 nnnc
1410 1856 1583 1922 eatinchem
1604 1877 1709 1924 omnes
1731 1858 1814 1942 luqe·

156 1977 223 2022 runs
244 1963 274 2022 et
295 1958 479 2041 luqebimus,
500 1960 664 2040 persuasit
684 1963 720 2023 ut
740 1981 762 2024 o
784 1979 831 2024 me
853 1959 991 2025 oblatum
1012 1960 1166 2040 acciperet
1185 1960 1403 2042 probarotqne.
1441 1959 1554 2026 aeon
1570 1964 1674 2024 autem
1690 1965 1726 2024 ut
1740 1966 1816 2027 tnnc

155 2061 251 2141 ipsum
261 2062 469 2146 praefectura
484 2067 648 2128 anctmmm
662 2063 958 2145 antiquissimarum
971 2085 994 2128 a
1007 2063 1202 2129 Mommseno
1218 2061 1451 2148 transferretur
1469 2061 1514 2128 ad
1528 2061 1656 2129 LVDO
1662 2063 1712 2131 VI
1712 2065 1740 2132 0
1745 2064 1818 2130 VM

157 2163 244 2230 Tua
252 2163 354 2243 VBE,
378 2166 437 2246 qui
450 2186 484 2230 re
499 2165 623 2231 diutius
644 2170 674 2230 et
695 2167 805 2232 uarias
825 2167 862 2230 iu
878 2171 991 2248 partes
1013 2166 1185 2232 deliberata
1206 2187 1324 2232 mecum
1345 2168 1499 2231 rationem
1522 2165 1692 2232 voluminis
1711 2167 1771 2234 XI
1774 2168 1815 2234 V*

154 2267 195 2332 ita
217 2268 380 2332 constituit
395 2270 600 2351 partitusque
621 2274 667 2334 est
689 2274 724 2334 ut
746 2290 799 2353 eqo
820 2270 1046 2336 Merobaudem
1067 2269 1279 2336 Dracontinm
1300 2269 1492 2353 Emanium,
1515 2271 1581 2352 ipse
1602 2270 1814 2356 antholoqiam
1905 2317 1908 2324 ·

153 2392 243 2452 quam
265 2371 367 2436 dicere
389 2374 604 2438 consuevimus
626 2371 862 2439 Salmasionam
885 2375 1070 2457 minoraque
1091 2373 1249 2459 Afrorum
1272 2373 1552 2459 Hispanorumque
1578 2374 1714 2440 eiusdem
1744 2378 1815 2442 aeri

153 2475 293 2540 earenina
316 2480 451 2542 curaret.
496 2477 581 2558 quod
601 2478 766 2543 consilium
790 2498 867 2542 num
888 2478 1062 2560 aliquanda
1087 2478 1223 2544 solidum
1247 2481 1446 2559 perpetretur
1472 2478 1625 2542 incertum
1654 2477 1817 2545 reddidere

153 2598 199 2644 res
219 2579 341 2662 elfato
364 2581 537 2660 societatis;
558 2585 637 2647 certe
662 2581 823 2647 Troubins
839 2583 980 2667 priorem
998 2585 1121 2664 partem
1143 2581 1246 2663 operis
1267 2582 1470 2647 communiter
1492 2582 1627 2666 suseepti
1648 2601 1815 2665 nunquam

152 2683 272 2748 auritio
305 2686 335 2748 et
366 2685 553 2750 auctoritate
585 2704 646 2751 sua
674 2686 861 2751 mundarit:
899 2685 1108 2763 consiliando,
1147 2683 1354 2763 admonendo,
1384 2683 1596 2750 dissuadendo
1625 2686 1816 2769 corriqeudo,

150 2786 364 2852 intercedendo
384 2807 550 2870 nunqnam
571 2790 675 2868 fessus
697 2793 755 2854 ant
775 2789 912 2854 satiatus
935 2789 1052 2854 librum
1074 2792 1250 2854 nascentem
1272 2791 1302 2852 et
1323 2791 1480 2854 auctorem
1494 2806 1560 2852 non
1576 2791 1640 2851 tam
1655 2809 1695 2854 ea
1710 2788 1815 2875 effide

152 2909 243 2971 quam
273 2890 376 2954 amico
405 2893 513 2957 animo
540 2897 568 2956 et
600 2892 684 2958 aluit
711 2896 740 2957 ct
764 2893 928 2974 promovit.
977 2893 1105 2957 iamin
1128 2891 1320 2976 conqcrendo
1345 2892 1480 2957 materia
1511 2910 1576 2956 uon
1609 2911 1656 2956 me
1686 2893 1816 2975 reliquit

150 2993 278 3058 societas
299 2993 598 3061 Monumentorum:
619 2995 929 3062 DVEMMLERO
950 2996 987 3061 cl.
1011 3017 1049 3060 m.
1067 2995 1217 3080 praeside
1233 2999 1441 3076 procuratam
1468 2999 1513 3060 est
1543 2999 1580 3058 ut
1610 2997 1674 3076 ipse
1701 2995 1817 3079 byblio-

150 3095 251 3160 theeas
265 3095 430 3162 Helvetiae
445 3097 622 3180 Italiaeque
636 3099 766 3164 adirem.
804 3105 899 3181 otque
913 3100 1007 3164 etiam
1030 3098 1292 3182 bybliothecarum
1305 3097 1469 3179 praesides
1483 3118 1519 3163 ea
1536 3098 1725 3164 liberalitate
1740 3119 1817 3183 erqo

150 3219 194 3262 me
220 3201 271 3264 uti
297 3199 465 3265 voluerunt
486 3222 551 3284 qua
573 3205 715 3268 marinco
737 3202 774 3268 de
796 3204 911 3269 littoris
933 3203 1045 3267 merita
1067 3203 1127 3268 sibi
1144 3223 1266 3283 parare
1287 3201 1383 3267 buius
1405 3200 1528 3267 ordinis
1549 3201 1642 3267 decim
1667 3207 1697 3266 et
1720 3223 1818 3284 prae·

152 3301 269 3368 sidium
297 3308 358 3368 est:
388 3306 516 3370 nomino
536 3305 717 3392 praefectos
738 3311 767 3371 et
787 3326 994 3372 amanuenses
1016 3307 1277 3392 bybliothecarum
1298 3304 1682 3372 BAMBERGENSIS
1700 3305 1815 3371 BER-

152 3413 324 3482 NENSIS
337 3415 406 3482 BR
413 3415 707 3485 VXELLENSIS
722 3418 1113 3486 MEDIOLANENSIS
1123 3417 1165 3482 M
1168 3416 1429 3486 ONAOENSIS
1443 3416 1820 3483 NEAPOLITANAB

153 3525 514 3596 SANGALLENSIS
534 3530 805 3598 VATIOANAE
825 3529 1116 3597 VERONENSIS
1135 3527 1533 3606 VINDOBONENSI&
1548 3529 1697 3610 inprimis
1712 3533 1816 3594 auum

151 3629 203 3695 hoc
225 3631 291 3696 loco
312 3632 392 3696 mihi
411 3635 536 3716 qratiae
557 3634 696 3716 aqendae
718 3638 793 3700 sunt
809 3634 959 3716 patribus
979 3633 1211 3698 Ballanelianis
1233 3633 1289 3714 qai
1310 3633 1378 3696 suis
1398 3632 1555 3696 thesauris
1576 3651 1672 3713 quom
1698 3631 1815 3696 libera-

152 3733 268 3800 lissime
296 3735 378 3800 mihi
404 3741 440 3800 nt
467 3741 573 3802 uterer
590 3758 649 3818 per
671 3738 793 3819 aliquot
814 3757 933 3802 menses
950 3737 1164 3818 permiserint.
1202 3737 1238 3800 in
1260 3735 1388 3800 edendis
1410 3739 1439 3799 et
1462 3733 1639 3799 tractandis
1648 3738 1816 3818 poetarum

151 3837 252 3904 verbis
273 3838 468 3904 Buechelero
491 3844 521 3905 et
545 3840 684 3906 Traubio
706 3842 762 3923 qui
781 3841 938 3921 indefessa
954 3860 1048 3922 opera
1063 3861 1110 3904 me
1125 3839 1264 3904 comitali
1278 3843 1354 3902 saut
1375 3835 1667 3904 SKVTSOHIVS
1688 3837 1818 3902 accessit

151 3945 178 4003 ct
205 3941 309 4007 onuba
337 3943 455 4026 eqreqie
483 3945 605 4008 monuit
626 3945 860 4026 praecipueque
885 3943 1005 4008 Catulli
1027 3947 1055 4006 el
1077 3942 1171 4007 Persi
1193 3941 1324 4024 oestiqia
1345 3941 1381 4004 in
1404 3940 1454 4004 his
1475 3939 1669 4004 carminibus
1690 3937 1815 4004 delenit.

147 4048 271 4124 partem
294 4045 380 4124 libri,
402 4045 653 4130 satisfactionem
668 4047 785 4112 scilieet
798 4051 827 4111 el
842 4046 1005 4125 Romulea,
1027 4045 1122 4110 etiam
1136 4042 1229 4109 LEO
1244 4043 1408 4124 percurrit
1422 4047 1590 4123 antequam
1605 4041 1816 4106 absolveretur

150 4167 218 4211 enm
240 4168 357 4230 maqno
378 4150 427 4214 rei
448 4153 478 4214 et
500 4149 629 4214 editoris
646 4148 762 4234 fructu
784 4153 820 4214 ut
844 4149 880 4212 in
910 4152 999 4212 tanto
1025 4148 1093 4212 niro
1124 4167 1189 4212 non
1223 4166 1300 4227 opus
1328 4149 1373 4210 est
1395 4145 1587 4226 confirmari.
1636 4143 1816 4226 proverbiis

149 4249 353 4334 Euqenianis
374 4272 466 4317 snam
488 4257 524 4316 ut
545 4253 628 4335 reqis
651 4254 685 4318 in
707 4253 765 4317 hac
780 4252 948 4334 prouincia
971 4250 1122 4334 deneqare
1144 4270 1269 4332 operam
1291 4249 1393 4314 uoluit
1419 4247 1477 4313 Oli
1485 4246 1562 4314 VSI
1565 4247 1626 4314 Vs.

255 4372 320 4436 iam
340 4371 474 4453 prodeat
497 4372 577 4437 liber
601 4369 812 4437 TRAVBIO
833 4369 1025 4436 dedicandos
1046 4370 1153 4451 siper
1175 4370 1254 4451 lcqcs
1276 4369 1431 4434 societatis
1453 4368 1600 4432 licuisset.

253 4544 301 4608 M
302 4546 415 4611 onaci
429 4567 460 4612 a.
473 4545 503 4611 d.
520 4545 594 4610 VII.
611 4545 676 4610 lcal.
693 4545 779 4626 Sept.
795 4566 826 4610 a.
844 4545 936 4608 1904.
1602 4503 1604 4508 Ι

1290 4764 1383 4842 Fa.
1420 4761 1708 4846 Vononen.

252 5699 422 5750 Sermones
441 5691 759 5756 Anmsmss1n1xlv.l.
