4590 6390
1108 380 1313 438 DRAOONTII

782 559 842 625 hae
866 558 997 625 radians
1021 580 1095 624 narn
1118 557 1275 628 Phoebus
1303 557 1371 624 alit.
1416 557 1481 622 iam
1504 561 1655 624 araverat
1678 555 1777 642 ignis:

782 665 886 730 uritur
906 665 1053 750 ingratus
1075 668 1150 730 usta
1173 684 1247 729 curn
1269 662 1397 748 uirgine
1420 667 1537 738 nauta;

697 784 749 841 520
783 788 857 833 cunr
879 788 1003 854 genero
1025 773 1191 853 nataeque
1215 772 1310 854 parat
1332 786 1521 832 succurrere
1546 769 1662 846 rector,

782 871 889 938 uritur
911 872 983 958 ipse
1007 870 1131 948 (iream
1155 892 1254 957 rogus
1278 877 1328 936 est
1352 890 1428 936 mox
1450 870 1526 936 aula
1550 869 1688 956 tyranni.

785 975 961 1062 diffugiunt
982 995 1105 1058 amnes,
1128 976 1240 1062 pepuli
1263 975 1400 1042 conviva
1424 970 1579 1054 ministri

783 1081 959 1146 saltantem
982 1080 1097 1166 fugere
1120 1080 1221 1162 chori,
1245 1101 1321 1146 nam
1343 1079 1429 1146 festa
1451 1083 1607 1144 canentes

784 1185 924 1258 ambusti
946 1186 1093 1250 lamenta
1115 1190 1234 1250 sonant
1255 1204 1317 1249 nee
1339 1189 1495 1271 tympana
1516 1182 1635 1269 plausu

697 1304 750 1360 525
784 1289 980 1376 percutiunt,
1005 1287 1065 1354 sed
1087 1287 1184 1353 turba
1206 1309 1342 1374 gemens
1366 1287 1441 1354 hina
1464 1286 1540 1352 inde
1563 1287 1704 1352 lacertos

783 1393 937 1461 verberat
959 1399 993 1460 et
1015 1395 1130 1460 flentes
1153 1392 1212 1459 sed
1235 1414 1299 1460 non
1323 1414 1383 1458 sua
1406 1392 1523 1458 funera
1544 1391 1716 1479 plangunt.

786 1498 893 1565 stabat
916 1499 987 1565 sola
1009 1519 1131 1565 nocens
1154 1497 1294 1565 necdum
1317 1499 1437 1563 satiata
1461 1496 1616 1564 sacerdos

784 1625 845 1669 nea
868 1623 984 1670 secure
1007 1609 1130 1670 tamen:
1153 1624 1331 1689 numquam
1353 1603 1400 1668 aie
1423 1623 1520 1689 posse
1543 1619 1668 1668 venena

786 1707 924 1774 eredidit
947 1713 1003 1774 aut
1024 1708 1176 1795 precibus
1197 1714 1323 1773 tantum
1345 1708 1466 1774 seruire
1490 1707 1628 1772 fureres.

698 1827 750 1884 530
785 1812 842 1878 sed
866 1819 1041 1900 postquam
1065 1813 1154 1878 solos
1177 1833 1257 1898 quos
1280 1813 1420 1878 iusserat
1441 1812 1526 1898 ignia
1550 1808 1685 1888 adussit,

785 1923 863 1982 tune
885 1923 981 1983 natos
1003 1916 1179 1983 furibunda
1201 1919 1330 2003 premit.
1374 1937 1449 1982 nam
1465 1915 1646 1982 Mermerus
1669 1913 1781 1979 insons

784 2027 818 2088 et
840 2021 1000 2088 Pheretes
1023 2027 1162 2088 matrem
1184 2020 1307 2087 blanda
1329 2021 1454 2108 pietate
1478 2021 1650 2086 vocabant.

784 2131 821 2192 ut
842 2126 991 2192 flammas
1015 2126 1117 2192 vitare
1141 2132 1250 2212 queat,
1275 2125 1412 2192 infantia
1434 2125 1576 2212 simplex

784 2231 906 2297 affeetu
929 2231 1011 2318 petit
1031 2231 1104 2317 ipsa
1125 2251 1240 2298 necem
1265 2230 1317 2298 vel
1340 2235 1453 2317 sponte
1475 2229 1600 2316 pericla

697 2350 749 2406 535
784 2335 914 2422 quaerit
936 2335 1041 2421 inops,
1064 2356 1203 2422 passura
1225 2355 1341 2402 necem
1364 2355 1519 2400 mucrone
1542 2333 1700 2421 parantis,

784 2440 899 2524 ignari,
923 2460 1007 2525 quae
1030 2445 1135 2506 meter
1159 2445 1231 2508 erat
1252 2439 1329 2527 quid
1351 2460 1451 2506 saeva
1472 2444 1612 2527 peraret.

784 2549 863 2609 tunc
885 2544 1038 2629 genetrix
1059 2543 1235 2609 furibunda
1257 2563 1389 2610 manum
1412 2543 1583 2632 suspendit
1605 2547 1640 2610 et
1662 2561 1775 2608 ensem

785 2668 824 2714 aa
846 2648 948 2714 fatur:
970 2647 1038 2714 ‘Sol
1061 2649 1157 2714 testis
1180 2669 1259 2714 avus
1283 2647 1340 2714 Sol
1362 2647 1493 2715 Persice
1516 2648 1640 2716 Mithra

784 2751 890 2834 Luna,
913 2752 1013 2819 decus
1037 2753 1155 2836 noctis,
1177 2751 1307 2837 Furiae,
1329 2753 1539 2840 Proserpina,
1562 2753 1698 2818 Pluton:

698 2873 750 2928 540
786 2857 909 2944 accipe,
934 2855 990 2922 Sol
1011 2857 1153 2940 radians,
1176 2858 1311 2940 animas,
1335 2863 1370 2922 tu
1394 2877 1541 2945 corpora,
1563 2857 1667 2936 Luna,

787 2961 987 3027 nutrimenta
1008 2961 1154 3038 animae;
1178 2961 1284 3028 fundit
1307 2982 1404 3048 quem
1428 2982 1538 3027 mucro
1562 2982 1711 3028 eruorem

788 3065 905 3130 sumite
928 3086 997 3147 vos,
1021 3064 1159 3143 Furiam
1183 3065 1286 3132 noetis
1310 3087 1370 3133 rex
1393 3065 1506 3152 exigat
1527 3066 1674 3144 umbram

785 3169 917 3254 spiritus
939 3170 972 3234 in
995 3174 1110 3236 ventos
1155 3217 1648 3239 ..........

784 3321 1117 3344 .......
1162 3275 1241 3340 satis
1265 3280 1316 3342 est
1338 3276 1471 3361 punisse
1495 3281 1652 3342 nocentes

786 3377 1000 3464 insontesque
1024 3378 1131 3444 simul.
1175 3378 1313 3444 miseros
1336 3379 1399 3445 hoc
1423 3401 1500 3446 ense
1523 3381 1659 3464 neceto,

697 3498 748 3554 555
784 3501 847 3568 quo
870 3483 999 3566 genitur
1021 3481 1186 3548 feriendus
1209 3487 1295 3548 erat:
1319 3483 1401 3549 nihil
1423 3483 1495 3571 ipsa
1517 3483 1644 3564 dolebo,

783 3587 811 3651 si
834 3587 964 3673 ingrata
985 3593 1116 3653 maneat
1138 3587 1247 3654 nullus
1270 3587 1311 3653 de
1334 3594 1434 3674 gente
1459 3587 1649 3676 superstes.²

783 3690 865 3756 haec
891 3690 938 3756 ait
961 3696 994 3756 et
1016 3690 1162 3777 geminos
1186 3712 1251 3758 uno
1276 3691 1372 3757 simul
1396 3713 1475 3758 ense
1499 3713 1640 3759 noverca

785 3796 946 3882 transegit
968 3815 1096 3883 pueros.
1143 3817 1224 3882 quos
1248 3797 1294 3862 sie
1316 3797 1468 3883 portabat
1490 3797 1532 3863 ad
1555 3819 1664 3864 arcem

785 3899 837 3986 (ut
859 3920 1012 3986 proceres
1035 3897 1146 3964 uidere
1169 3899 1273 3981 nefas,
1296 3901 1436 3967 timuere
1460 3908 1628 3968 eruentem

697 4020 749 4076 550
785 4010 819 4070 et
841 4003 977 4068 doluere
999 4001 1121 4088 simul),
1145 4025 1206 4070 eeu
1229 4003 1392 4090 quondam
1414 4005 1541 4072 baceha
1563 4006 1666 4093 Lyaei

784 4129 885 4172 saeva
908 4112 1006 4193 caput
1029 4107 1156 4173 iuvenis
1179 4113 1285 4174 mater
1307 4109 1460 4194 gestabat
1482 4111 1608 4196 Agaue.
1705 4183 1709 4192 ,

786 4209 860 4276 ‘his’
883 4212 989 4298 iuquit
1011 4210 1131 4276 Medea
1156 4212 1267 4298 ‘rogis‚
1289 4212 1345 4277 ubi
1368 4213 1504 4300 pulchra
1526 4237 1666 4281 noverca

786 4320 820 4381 et
842 4320 937 4402 pater
958 4316 1030 4401 ipse
1054 4313 1163 4380 Creon
1185 4316 1238 4381 vel
1261 4316 1403 4402 perfidus
1426 4319 1507 4382 arsit
1529 4318 1638 4400 Iason,

782 4440 853 4504 vas,
876 4418 997 4500 miseri,
1022 4417 1224 4500 commendo,
1247 4418 1352 4486 meis'.
1397 4421 1443 4486 sic
1466 4423 1534 4488 fata
1556 4424 1717 4489 minarum

488 4663 540 4716 529
557 4665 600 4716 viu
618 4664 718 4718 saevire
812 4661 865 4718 530
881 4662 967 4714 adusit
985 4661 1030 4713 Nn
1118 4657 1168 4715 531
1187 4609 1329 4718 ttermsiirs
1347 4665 1392 4718 Na
1469 4665 1520 4720 532
1534 4665 1567 4732 -Ι-
1579 4669 1613 4722 Et
1631 4671 1742 4724 serentes
1761 4671 1813 4736 Na,
1831 4689 1897 4724 corr.
1910 4670 2040 4738 Bittsrcns,

386 4753 418 4804 Et
436 4753 543 4804 Feratus
562 4752 643 4804 Dalm
728 4750 781 4806 533
798 4757 896 4818 queant
910 4749 1037 4802 Biicisctcr

643 4837 695 4893 534
714 4841 818 4892 Affectu
835 4840 900 4906 petit
917 4839 972 4908 ipsa
989 4853 1077 4888 necem
1089 4853 1229 4915 mucrene
1233 4838 1349 4914 parentis
1367 4839 1409 4890 uel
1427 4847 1517 4906 sponte
1535 4843 1630 4909 pericla

713 4926 805 4990 Querit
823 4926 897 4992 ineps
915 4941 1024 4992 passura
1041 4909 1415 4991 naccinae!''spen‘te'psriets
1433 4945 1555 4981 mucrone
1572 4931 1685 4996 parentis
1754 4931 1791 4982 sia
1809 4932 1840 4981 N

384 5009 436 5062 538
458 5025 475 5052 τι
497 5011 534 5062 At
554 5011 593 5063 Ac
616 5013 687 5064 satur
711 5011 747 5063 sic
770 5011 802 5076 N,
826 5012 865 5062 Ae
883 5012 954 5062 fatur
971 5029 989 5062 a
1059 5012 1097 5063 sol
1115 5029 1202 5078 persae
1220 5017 1321 5089 rnrssjtre
1339 5014 1372 5077 N,
1391 5023 1475 5081 perata
1494 5016 1612 5068 ministra
1630 5035 1656 5082 a,
1675 5035 1743 5070 carr.
1763 5017 1844 5068 Daiara
1918 5017 1946 5067 ia
1963 5013 2039 5082 543l4

385 5114 508 5165 lacunam
526 5113 712 5166 0550510000
798 5113 850 5167 546
867 5115 971 5182 ingrata
992 5122 1094 5168 maneat
1112 5115 1173 5180 (sic,
1193 5124 1220 5166 ut
1238 5124 1322 5168 tatrrcn
1340 5125 1441 5170 meuret
1458 5119 1539 5186 facilc
1557 5117 1639 5185 lepus)
1657 5119 1692 5185 N,
1712 5129 1813 5174 rusuret
1830 5138 1857 5187 a,
1876 5138 1945 5172 carr.
1959 5119 2040 5173 Duas

408 5199 467 5280 Ι551
487 5201 598 5254 tentabat
616 5201 650 5267 N,
667 5219 735 5254 corr.
748 5201 876 5256 Brtclselcr
963 5201 1016 5256 554
1033 5203 1083 5255 mei
1101 5201 1183 5254 Duisa

490 5441 541 5497 522
565 5441 610 5497 Oa.
624 5448 683 5498 mat.
698 5449 724 5512 8,
737 5450 788 5500 208
807 5445 959 5516 diffugiunt
977 5445 1077 5516 populi
1146 5447 1197 5502 526
1215 5446 1403 5503 Horacr.1002
1420 5447 1561 5518 plangunt
1579 5465 1629 5503 suu
1648 5449 1745 5503 sunere
1763 5447 1848 5503 'l'roea
1917 5445 2040 5502 527100.

387 5553 411 5616 6,
424 5551 474 5602 130
492 5545 611 5602 necdum
629 5546 735 5602 satiata
752 5549 874 5605 recessit.
903 5551 937 5618 cs.
950 5551 989 5606 aci
1003 5552 1034 5606 Χ
1049 5559 1098 5608 301
1173 5553 1224 5607 532
1242 5551 1387 5607 mandam
1403 5553 1448 5608 Oa.
1461 5558 1517 5608 aret,
1530 5561 1554 5619 6,
1567 5561 1680 5626 624sqq.
1755 5551 1807 5607 543
1824 5557 1848 5620 3,
1860 5557 1910 5606 648
1922 5567 2039 5622 poenas·

385 5667 440 5720 que
457 5654 607 5708 noeentum
625 5649 822 5722 iumentumque
840 5651 922 5709 simul
