4554 6396
1129 381 1333 442 DBAOONTII

756 707 1103 776 CONTROVERSIA
1126 710 1187 776 Du
1206 597 1390 776 lSlll'ATVA
1412 709 1513 776 VlRl
1534 709 1708 777 FORTIS.

505 825 555 888 vir
583 822 675 888 sortis
703 829 795 909 optet
824 825 1005 912 praemium
1034 822 1120 910 quod
1148 825 1244 890 volet.
1290 845 1417 911 pauper
1446 831 1480 889 et
1501 823 1594 890 dives
1617 825 1748 890 inimici.
1793 823 1917 890 bellum
1940 825 2056 891 incidit

403 927 537 992 civitati.
573 927 665 994 dives
687 928 815 994 fortiter
836 929 929 993 fecit:
953 949 1104 994 reversus
1120 929 1257 1015 praemii
1273 929 1404 993 nomine
1421 934 1561 994 statuam
1583 929 1678 1014 petiit
1700 935 1734 994 ct
1748 929 1875 994 meruit.
1911 929 2056 995 secundo

400 1031 530 1096 fortiter
558 1032 641 1117 egit:
676 1053 829 1098 reversus
858 1033 953 1118 petiit
981 1034 1120 1119 praemii
1148 1034 1281 1097 nomine
1311 1033 1438 1119 asylum
1470 1031 1540 1097 ficri
1568 1037 1710 1097 statuam
1740 1053 1833 1097 suam
1863 1039 1897 1098 et
1926 1035 2055 1098 meruit.

400 1136 499 1200 tertio
531 1135 660 1200 fortiter
688 1136 781 1200 lecit:
814 1156 965 1201 reversus
992 1137 1087 1222 petiit
1114 1137 1250 1224 praemii
1283 1137 1415 1202 nomine
1445 1141 1544 1223 capnt
1570 1137 1724 1224 pauperis
1754 1137 1886 1200 inimici.
1930 1157 2057 1225 pauper

348 1259 366 1312 5
402 1239 444 1304 ad
466 1245 609 1304 statuam
632 1238 741 1304 diuitis
764 1240 919 1326 confugit.
964 1241 1167 1306 contradicit.

455 1375 753 1464 (PROOEMIVM)
799 1377 882 1453 Quis
904 1379 993 1446 furor
1015 1381 1077 1446 iste
1100 1386 1223 1447 novus?
1247 1401 1331 1468 quae
1354 1387 1446 1447 tanta
1467 1381 1603 1448 licentia
1623 1381 1722 1448 ferri?

797 1483 952 1570 poscitur,
975 1489 1012 1550 ut
1034 1485 1098 1550 civi
1119 1485 1218 1550 liceat
1240 1491 1448 1572 prosternere
1472 1485 1561 1552 eires

798 1593 833 1653 ct
854 1587 980 1654 facinus
1001 1589 1062 1654 sub
1084 1588 1183 1656 laude
1205 1595 1301 1676 gerat
1322 1590 1507 1676 crimenque
1530 1588 1729 1676 triumphum

797 1691 884 1757 dicat
906 1699 943 1758 et
964 1693 1099 1760 hostiles
1121 1695 1247 1780 patriae
1270 1715 1426 1760 revocare
1450 1694 1589 1780 sagittas

745 1810 762 1864 5
798 1795 885 1860 civili
907 1796 968 1862 sub
991 1797 1067 1883 lege
1089 1799 1179 1876 velit,
1202 1797 1337 1864 viduare
1359 1798 1483 1864 maritis

797 1905 974 1982 matronas,
997 1901 1115 1967 orbare
1137 1908 1259 1989 patres,
1282 1903 1429 1988 iugulare
1451 1902 1658 1988 propinquos.

796 2004 953 2089 reliquias
976 2005 1058 2070 belli
1081 2005 1189 2071 scelus
1212 2013 1265 2072 cst
1287 2027 1360 2072 cnm
1383 2007 1458 2092 lega
1480 2027 1612 2086 necare,

795 2127 855 2192 pro
878 2108 996 2194 quibus
1019 2129 1110 2175 arma
1132 2110 1216 2177 tulit.
1260 2111 1349 2176 mitis
1373 2111 1402 2176 si
1424 2111 1571 2176 vinceret
1603 2108 1718 2190 hostis,

796 2219 949 2297 parceret
971 2219 1070 2300 atque
1092 2213 1233 2280 humiles
1255 2215 1356 2280 vellet
1378 2235 1510 2280 serrare
1534 2219 1693 2280 catervas.

674 2365 676 2368 .
727 2329 761 2384 10
795 2315 860 2380 iam
882 2339 949 2382 non
971 2339 1030 2405 pro
1053 2319 1160 2406 patria
1181 2320 1231 2384 vir
1253 2318 1346 2384 fortis
1369 2320 1458 2386 bella
1480 2320 1618 2406 gerebat

795 2419 976 2488 defendens
999 2423 1142 2490 umbone
1164 2423 1261 2506 latus,
1284 2444 1344 2510 per
1366 2426 1492 2511 proelia
1514 2426 1632 2490 cristas

795 2525 872 2590 dum
895 2534 1045 2613 quateret
1066 2529 1216 2614 galeatus
1239 2549 1336 2615 apex,
1360 2531 1513 2616 aciesque
1539 2535 1692 2596 cruentas

793 2631 924 2697 letifero
946 2651 1102 2698 mucrone
1124 2653 1291 2720 premens:
1315 2633 1376 2700 aub
1400 2635 1543 2720 imagine
1567 2634 1646 2700 civis

795 2735 914 2822 impius
937 2735 1041 2802 bostis
1064 2743 1136 2802 erat
1157 2738 1282 2820 merito,
1306 2739 1362 2824 qui
1386 2738 1514 2804 vincere
1537 2737 1647 2822 vellet,

727 2854 759 2908 15
794 2845 830 2903 ut
853 2839 941 2904 cives
964 2840 1129 2926 iugularet
1151 2861 1262 2906 ovans.
1308 2848 1420 2929 optate
1443 2848 1600 2928 tyrannos

794 2943 870 3023 iam,
893 2964 1056 3028 proceras,
1079 2945 1212 3010 vincant
1226 2945 1338 3011 hostes
1355 2947 1470 3032 quibus
1486 2967 1605 3032 aspera
1627 2965 1719 3012 mens
1742 2953 1793 3011 est

795 3067 857 3112 nce
873 3046 1014 3113 studium
1031 3055 1107 3135 post
1120 3048 1209 3114 bella
1224 3055 1346 3116 manet.
1380 3049 1457 3116 (lum
1474 3051 1614 3116 classica
1628 3058 1791 3137 rumpunt,

794 3149 945 3217 hostibus
967 3153 1113 3218 externis
1135 3153 1245 3239 grauis
1269 3151 1345 3239 (est)
1370 3153 1522 3220 inimicus
1543 3156 1578 3220 in
1601 3156 1716 3232 armis;

794 3261 870 3340 post
890 3256 994 3320 aciem
1018 3254 1169 3322 dominus
1191 3258 1281 3322 mitis
1305 3257 1360 3343 qui
1382 3258 1461 3323 vicit
1482 3257 1625 3325 babetur

724 3373 759 3431 20
794 3363 852 3424 aut
874 3379 915 3426 ex
939 3359 1034 3425 hoste
1056 3367 1168 3426 manet
1190 3361 1329 3448 simplex
1351 3383 1390 3428 ac
1411 3361 1495 3428 fidus
1518 3363 1654 3445 amicus,

795 3462 824 3527 si
846 3462 970 3529 bellum
993 3463 1053 3530 sub
1076 3486 1159 3551 paee
1183 3465 1288 3530 cadat.
1333 3466 1420 3552 quod
1442 3469 1547 3532 sentio
1569 3467 1719 3553 prodam:

792 3567 867 3648 iam,
892 3569 991 3648 cives,
1014 3567 1163 3651 formido,
1186 3571 1261 3648 mci,
1286 3591 1344 3634 vos
1366 3590 1445 3656 ergo
1469 3577 1603 3636 cavete:

793 3669 941 3736 hostibus
964 3671 1139 3737 obstrictus
1161 3674 1290 3759 patriae
1314 3672 1354 3738 de
1377 3673 1470 3738 clade
1493 3675 1615 3761 pacisci

796 3775 879 3839 elam
904 3776 1019 3862 potuit,
1043 3777 1098 3862 qui
1121 3797 1220 3842 saera
1241 3783 1347 3863 parat,
1369 3778 1424 3862 qui
1446 3778 1530 3842 colla
1552 3780 1725 3866 propinqui

723 3893 757 3948 25
794 3878 875 3944 civis
899 3885 933 3944 et
955 3881 1093 3946 insontia
1115 3881 1228 3946 nititur
1251 3887 1402 3946 truncare
1424 3895 1590 3950 cruentus.

791 3983 993 4068 perdidimus
1018 4005 1228 4072 quoscunque
1252 3986 1348 4068 viros,
1371 3984 1453 4051 forte
1476 3986 1539 4051 iste
1565 3988 1708 4052 necarit:

791 4087 932 4153 classica
954 4088 1031 4154 dum
1054 4089 1193 4155 reboant
1215 4095 1249 4156 et
1271 4089 1391 4154 Martia
1413 4089 1480 4156 tela
1500 4091 1666 4176 pluuntur,

791 4192 877 4258 inter
897 4194 1036 4258 serratas
1059 4195 1146 4259 ecies
1168 4195 1329 4280 lituosque
1352 4199 1506 4259 sonantes

792 4298 908 4363 obrius
930 4303 1055 4363 armato
1078 4298 1187 4363 iuveni
1210 4299 1238 4364 si
1261 4299 1340 4364 civis
1364 4296 1505 4379 adesset,

721 4418 756 4475 30
792 4401 869 4488 quid
894 4401 1018 4467 laceret
1040 4401 1095 4486 qui
1117 4402 1150 4465 in
1172 4422 1253 4486 paco
1277 4401 1363 4484 furit,
1387 4400 1443 4488 qui
1465 4400 1616 4488 turpibus
1639 4401 1738 4466 instat

791 4506 951 4571 mortibus
975 4506 1151 4586 insontum,
1175 4505 1231 4591 qui
1253 4504 1370 4572 funere
1391 4526 1508 4593 pressa
1530 4505 1708 4572 reformat?

792 4611 916 4676 serrati
939 4610 1019 4674 civis
1042 4631 1129 4676 nunc
1151 4615 1226 4674 sunt
1247 4609 1303 4674 ubi
1325 4611 1472 4697 praemia
1494 4615 1653 4696 quercus?

789 4715 916 4782 reddite
939 4715 1037 4798 bella,
1061 4714 1172 4796 duces,
1195 4715 1343 4779 inimicas
1366 4715 1493 4780 reddito
1516 4722 1650 4800 gentes:

496 4899 531 4950 tit.
551 4898 566 4950 1
584 4897 673 4948 inmici
758 4891 878 4945 2n0mis
896 4891 928 4942 N
1003 4891 1014 4956 11
1049 4889 1062 4942 1
1082 4891 1287 4942 PROOEMIVM
1306 4889 1401 4956 marl,
1427 4891 1521 4942 addidi
1622 4890 1640 4942 5
1663 4893 1771 4946 maritas
1788 4893 1822 4960 N,
1845 4895 2050 4950 coraBdbraaa

427 4985 460 5038 12
477 5003 544 5055 apsx
562 4984 698 5046 Brtcbeler,
721 4991 780 5050 apte
797 4981 828 5032 N
911 4979 945 5032 15
963 4997 1044 5032 ovans
1062 4980 1151 5042 Duba,
1170 4981 1265 5032 orbans
1277 4979 1308 5029 N
1392 4978 1425 5031 16
1442 4981 1532 5032 uinoat
1544 4979 1578 5042 N,
1597 4997 1665 5032 corr.
1679 4981 1808 5034 Bdobeler
1897 4981 1930 5035 18
1946 4993 1986 5036 est
1998 5002 2049 5036 om·

391 5076 446 5126 aina
457 5075 555 5126 lomna
572 5072 606 5136 Ν,
624 5071 688 5122 odd.
701 5069 783 5120 Data
846 5071 873 5120 in
885 5085 917 5120 erc
928 5077 958 5122 ut
969 5068 1004 5134 (1)
1015 5085 1084 5119 corr.
1096 5068 1136 5118 N¹
1208 5066 1240 5117 19
1256 5069 1338 5120 uincit
1349 5067 1383 5134 Ν,
1402 5085 1470 5120 corr.
1483 5067 1604 5120 Balaam
1673 5066 1708 5120 20
1726 5066 1822 5135 manat]
1837 5071 1908 5122 venit
1921 5071 2050 5124 Baetae

425 5159 460 5213 22
478 5163 568 5214 sedate
581 5159 620 5226 VN,
638 5176 706 5210 corr.
722 5157 851 5209 Bdcbcler
935 5155 969 5208 26
987 5159 1066 5208 sortes
1083 5156 1118 5218 Ν,
1136 5173 1204 5208 corr.
1221 5155 1310 5221 Dran,
1332 5158 1385 5208 lora
1403 5155 1496 5221 Peipar
1575 5153 1608 5208 31
1628 5157 1697 5207 lassa
1713 5155 1767 5208 Lac
1849 5155 1883 5209 32
1900 5158 1928 5208 ia
1945 5159 2049 5210 seruati

391 5258 426 5301 eat
444 5249 452 5300 i
470 5257 586 5300 correcto
602 5244 646 5314 (ec
662 5245 712 5308 ai)
729 5245 757 5295 in
775 5243 806 5294 Ν
1901 5249 1906 5256 ’

497 5404 510 5456 1
532 5400 604 5470 Vcry.
622 5403 690 5454 Aac.
710 5407 735 5466 5,
747 5406 797 5453 670
815 5395 877 5466 quis
894 5395 971 5450 furor
992 5395 1046 5451 istc
1064 5395 1172 5452 novus?
1196 5397 1310 5463 (Aruer
1322 5405 1343 5462 1,
1364 5397 1432 5464 601).
1460 5395 1630 5463 Lstcon.1,8
1651 5395 1713 5466 quis
1731 5395 1815 5465 furor,
1834 5414 1850 5452 ο
1871 5395 1954 5460 eirea,
1973 5412 2048 5464 qnae

392 5497 473 5550 tanta
490 5495 609 5550 licentia
626 5495 713 5549 ferri?
800 5493 817 5548 'l
836 5500 869 5547 95
886 5509 994 5558 necare,
1013 5509 1064 5563 pro
1083 5491 1185 5561 quibus
1203 5507 1281 5544 arma
1299 5489 1374 5544 tulit
1411 5496 1436 5559 3,
1451 5495 1501 5545 343
1518 5489 1597 5560 prole
1610 5495 1765 5562 perempta,
1784 5509 1835 5562 pro
1847 5491 1949 5561 quibus
1967 5508 2048 5547 arma

392 5589 460 5644 tulit
477 5589 525 5657 (es.
542 5587 647 5656 Gors'pp.
660 5589 755 5654 Ioh2,
769 5591 830 5653 296)
900 5588 932 5642 21
952 5585 1139 5655 Mpcyca.
1155 5593 1199 5639 701
1217 5583 1240 5636 si
1253 5583 1342 5637 virtus
1359 5585 1410 5638 sub
1429 5601 1499 5654 pace
1518 5585 1596 5640 eadit
1663 5586 1695 5641 31
1715 5604 1811 5656 pressa
1823 5601 1949 5656 oppresso
1964 5586 2049 5653 ficita

425 5686 460 5741 32
478 5683 584 5739 Lama.
598 5691 619 5752 1,
632 5689 680 5739 358
697 5682 802 5738 servati
821 5681 890 5738 civis
909 5683 1073 5738 referentem
1091 5679 1217 5750 praemia
1234 5695 1367 5748 quercum
