4568 6396
399 472 453 528 XII
1120 472 1337 530 PRAEFATIO.

501 667 541 712 ex
562 667 626 712 uno
648 645 682 712 B
703 646 827 712 deducti
847 651 923 712 sunt
944 645 1060 713 codices
1082 664 1159 730 yuos
1180 645 1328 712 babentes
1350 645 1534 711 recentiores

657 751 702 816 Μ
739 749 913 816 Vaticanus
934 751 991 816 lot.
1007 752 1094 816 3853
1477 769 1556 817 saec.
1572 751 1644 817 XV

664 855 694 917 V
739 855 909 920 Vaticanus
931 855 986 920 lat.
1004 855 1089 920 5884
1506 903 1524 933 ,,
1568 854 1638 919 XV

656 958 689 1024 R
732 957 974 1042 Rebdiyeranus
996 958 1076 1041 bybl.
1092 959 1240 1041 municip.
1265 957 1393 1024 Vrotisl.
1411 959 1452 1023 59
1503 1008 1522 1037 ,‚
1566 958 1636 1024 XV

661 1061 691 1129 U
740 1061 810 1126 Vat.
832 1060 972 1128 Urbinas
993 1062 1059 1128 352
1500 1084 1531 1128 a.
1549 1063 1632 1126 1481

345 1175 378 1227 11
396 1165 432 1230 id
459 1164 543 1246 quod
567 1168 647 1230 recte
672 1165 815 1256 exposuit
844 1163 893 1230 W.
909 1164 1022 1248 Meyer
1047 1165 1084 1248 (l.
1102 1166 1123 1230 l.
1134 1185 1169 1250 p.
1184 1166 1273 1249 263).
1298 1165 1345 1230 M
1365 1165 1461 1230 codex
1486 1165 1703 1231 uumbroneus
1724 1163 1847 1250 formae
1876 1168 2055 1246 quartanae

392 1268 487 1354 foliis
500 1271 544 1332 37
565 1268 687 1334 exhibet
708 1268 808 1334 solum
830 1266 1050 1335 Dracontium.
1101 1289 1171 1335 enm
1192 1271 1248 1352 qui
1268 1269 1396 1350 scripsit
1416 1268 1460 1333 M
1464 1271 1485 1348 ¹,
1512 1269 1702 1352 castiyaoere
1724 1273 1788 1333 tres
1808 1267 1890 1333 docti
1910 1266 1953 1331 M
1958 1269 1972 1308 ²
1994 1267 2054 1332 M³

395 1371 456 1436 Μ*
477 1370 621 1436 dedeina
647 1391 712 1436 nou
739 1391 779 1436 ea
800 1371 866 1436 alio
887 1371 987 1437 codix
1002 1372 1117 1453 petita,
1144 1371 1199 1438 sed
1223 1392 1263 1436 ex
1283 1373 1410 1455 iuyeuio
1431 1371 1556 1440 lausto.
1601 1371 1799 1452 potissimum
1825 1371 1924 1453 diym
1950 1371 2056 1436 relatu

395 1478 471 1539 sunt
492 1495 529 1539 ea
551 1495 631 1557 quae
653 1475 825 1556 adsumsit
846 1477 893 1541 oet
915 1475 1050 1540 correxit
1071 1475 1138 1554 M',
1159 1476 1284 1557 partim
1305 1476 1507 1540 correctiones
1528 1474 1784 1557 eleycutissimoe.
1829 1493 1869 1538 ex
1890 1472 1934 1537 M
1953 1473 2055 1538 coelice

360 1591 384 1642 7
398 1578 464 1643 iam
486 1578 526 1642 ab
548 1577 592 1642 M
594 1581 608 1620 ²
629 1583 762 1644 correcto
784 1578 958 1659 descriptus
980 1583 1027 1642 est
1046 1577 1083 1660 V,
1105 1578 1199 1644 codex
1216 1598 1416 1664 papyraceus
1436 1577 1556 1658 formae
1577 1578 1754 1643 onerariae
1775 1577 1927 1656 saliorum
1940 1579 1996 1654 48,
2025 1581 2055 1641 ct

395 1682 461 1766 ipse
482 1682 547 1747 solo
573 1681 628 1748 boc
650 1683 790 1748 camnine
815 1679 990 1763 completus.
1034 1683 1128 1748 etiam
1151 1681 1182 1744 V
1198 1682 1295 1748 nobiti
1320 1701 1450 1746 manum
1477 1681 1686 1746 correctricem
1712 1679 1804 1764 (V2),
1837 1700 1919 1762 yuae
1949 1683 2054 1744 tomen

353 1798 379 1850 Β
396 1785 432 1849 iu
451 1785 528 1863 folio
541 1783 615 1868 fere
629 1787 771 1851 uicesimo
786 1789 872 1852 sexto
886 1785 1036 1868 elanyuit.
1082 1785 1254 1851 Vcoclicem
1269 1785 1406 1850 noudum
1422 1787 1590 1851 correctum
1601 1785 1791 1866 propayaoit
1806 1783 1839 1850 R
1852 1801 2054 1868 papyraceus

391 1887 515 1972 formae
529 1889 761 1974 quartariae1),
784 1890 840 1971 qni
855 1893 928 1970 post
946 1887 1156 1970 &moenium
1170 1889 1395 1954 Nemesionum
1409 1887 1561 1954 Sursum
1576 1886 1808 1954 sammonicum
1822 1887 1913 1951 babet
1926 1905 2054 1951 carruca

395 1991 433 2056 de
454 1991 602 2058 laudibus
622 1991 675 2057 dci
696 1991 759 2076 fol.
776 1993 962 2056 57'—108r
983 1995 1035 2058 sot
1064 1993 1173 2057 vitiose
1194 1992 1354 2072 scriptum.
1400 1989 1656 2072 Rebdiyerauum
1683 1991 1872 2072 priusquam
1901 1993 2055 2054 corrector

392 2113 510 2176 parum
519 2094 995 2174 ocutmiuoaderet,Federious
1002 2093 1750 2179 VeterenueVrbinustrenscripeiteunosalutis
1757 2091 2053 2159 MOCOOLXXXI

357 2212 385 2264 0
397 2197 441 2263 id.
457 2199 555 2284 Aug„
577 2201 613 2261 ut
634 2199 701 2278 ipse
723 2199 758 2262 in
778 2200 843 2280 fine
865 2201 1008 2277 testatur,
1030 2199 1067 2262 in
1088 2198 1220 2264 codicem
1240 2195 1512 2264 Umembroneum
1529 2195 1640 2281 forum
1661 2197 1811 2262 proxima
1849 2217 1930 2278 quoe
1951 2196 2054 2261 insint

395 2301 431 2366 in
453 2303 553 2366 codice
572 2301 735 2382 pulcriore
760 2321 857 2381 quam
873 2301 1062 2384 pretiosiore
1083 2305 1246 2366 enumerat
1270 2301 1409 2366 Arenata
1429 2299 1529 2366 Droo.
1539 2300 1624 2382 prol.
1639 2321 1674 2385 p.
1692 2302 1806 2382 50syq.
1857 2297 2053 2366 Dramntous

394 2408 521 2486 occupat
538 2402 624 2487 falia
645 2405 865 2469 nco-mu.

497 2507 572 2572 laec
594 2507 632 2571 dc
653 2511 812 2572 stemmate
833 2507 971 2573 codicum
992 2508 1197 2572 recentiorum
1219 2528 1299 2589 quoe
1314 2509 1423 2573 rettuli
1436 2507 1575 2572 nondum
1590 2511 1772 2590 coynorerat
1793 2506 1917 2588 Paper,
1940 2508 2053 2588 optime

394 2611 555 2678 ordinauit
581 2609 630 2677 VV.
647 2609 761 2696 Meyer
783 2614 813 2674 et
834 2612 900 2692 ipse
919 2611 1053 2692 probaui
1073 2611 1148 2675 dum
1169 2611 1286 2676 codices
1307 2611 1409 2676 evolvo
1430 2630 1468 2676 ac
1490 2611 1605 2693 diyero.
1642 2613 1830 2693 aryumenta
1851 2609 2053 2691 exemplaque

394 2714 450 2797 yui
472 2713 661 2779 desiderabit
671 2715 794 2793 poterit,
812 2713 963 2795 inspicere
985 2734 1066 2795 quae
1080 2713 1192 2799 Meyer
1213 2714 1322 2778 attulit
1340 2735 1376 2794 p.
1390 2717 1456 2779 263
1477 2717 1507 2778 et
1521 2715 1705 2778 examinare
1719 2712 1845 2798 Meyeri
1859 2717 2052 2794 apparatum

394 2818 439 2883 ad
460 2817 621 2895 1‚1-53
643 2817 843 2898 compositum
858 2837 894 2898 p.
910 2817 1020 2901 272²).
1069 2837 1170 2881 meum
1192 2822 1237 2882 est
1257 2816 1378 2902 referre
1399 2816 1545 2882 babuisse
1566 2836 1614 2880 me
1637 2816 1753 2882 librum
1776 2816 1902 2881 tertium
1924 2815 2053 2896 Peiperi

398 2923 435 2985 in
457 2941 548 2987 usum
571 2920 719 2985 collatum
742 2939 812 2984 crem
834 2919 879 2983 M
896 2923 925 2983 et
945 2919 974 2982 V
992 2920 1033 2984 ab
1054 2919 1095 2988 E.
1112 2919 1265 2998 Haulero,
1288 2940 1357 2986 arm
1385 2919 1453 2988 Ua
1468 2919 1507 2986 L.
1518 2919 1731 2998 Stcrnbocliio,
1754 2918 1884 2985 codncm
1907 2919 2050 2985 litatum

396 3025 586 3105 descriptum
601 3047 622 3090 a
637 3025 677 3090 L.
693 3023 852 3102 Glaesero,
875 3023 1010 3088 eiusdem
1026 3023 1059 3089 R
1079 3024 1195 3089 librum
1203 3025 1347 3105 primm
1360 3025 1552 3106 exscriptum
1567 3023 1607 3088 ob
1621 3025 1710 3088 Aem.
1726 3021 1865 3103 Granio,
1886 3025 2051 3102 praeterea

394 3129 572 3210 meipsum
601 3126 720 3192 Romae
745 3126 917 3191 enotaoisse
946 3146 985 3190 ex
1011 3126 1054 3191 M
1060 3126 1126 3194 Vll
1150 3147 1230 3208 quae
1261 3128 1335 3193 usui
1363 3132 1473 3195 essent.
1528 3146 1627 3209 neque
1654 3130 1757 3191 umen
1791 3129 1827 3190 ut
1849 3146 1915 3206 par
1943 3129 1988 3190 est
2015 3125 2052 3188 in

397 3234 591 3314 apparatum
604 3231 746 3296 criticum
761 3229 862 3310 recepi
883 3249 923 3294 en
936 3231 1110 3295 recentibus
1125 3230 1166 3296 M
1175 3230 1271 3298 VRU
1287 3231 1353 3296 nisi
1367 3251 1447 3313 quae
1468 3253 1489 3296 a
1504 3230 1727 3296 correctoribus
1746 3229 1843 3294 doctis
1862 3230 1935 3294 bene
1950 3231 2052 3293 essent

394 3336 537 3412 iuventa,
561 3337 626 3398 tum
648 3353 687 3396 ex
709 3331 755 3397 M
769 3332 881 3414 aliqua
903 3331 1015 3398 addidi
1040 3337 1077 3398 ut
1094 3333 1243 3419 fulcirem
1266 3335 1423 3400 lectionem
1446 3334 1536 3400 bodie
1558 3333 1687 3399 dubiam
1708 3333 1821 3399 codicis
1841 3333 1889 3410 B,
1923 3353 1963 3397 ex
1991 3351 2052 3414 qno

395 3439 449 3503 ille
463 3435 509 3501 M
526 3439 599 3500 ante
614 3437 669 3501 bos
683 3435 868 3518 yuiuyentos
881 3455 984 3501 annos
999 3455 1061 3502 sua
1074 3437 1192 3505 bausit.
1233 3437 1457 3503 Bruxeliensis
1475 3442 1580 3502 autem
1594 3439 1762 3503 uarietates
1785 3435 1913 3502 exhibui
1925 3439 2052 3516 praeter

396 3539 651 3623 ortloyroplicas
672 3539 708 3602 in
731 3538 832 3604 indice
854 3558 993 3604 seorsum
1014 3541 1239 3622 componendas
1260 3540 1304 3605 ad
1323 3560 1421 3605 uuam
1443 3559 1556 3605 omnes.

499 3663 568 3710 cnm
602 3641 827 3708 Bruxellcnsis
858 3642 989 3708 editioni
1022 3644 1064 3708 sit
1090 3643 1191 3710 solum
1220 3649 1313 3726 atque
1336 3643 1596 3729 fundamentum,
1628 3643 1820 3724 antiquioris
1856 3646 1886 3707 et
1914 3641 2052 3707 melioris

354 3761 382 3818 0
398 3745 511 3813 codicis
526 3765 592 3810 uon
605 3745 753 3810 babemus
774 3745 840 3810 nisi
861 3750 1014 3828 excerpta,
1037 3751 1180 3813 connues
1199 3747 1268 3813 dico
1286 3747 1598 3816 Olaromontanos
1618 3747 1682 3812 eod.
1696 3745 1925 3826 Beroliuensis,
1947 3747 2053 3812 Moer-

396 3848 674 3932 mannPlillipps
690 3848 783 3926 1824,
805 3867 885 3914 saec.
898 3848 962 3928 IX,
984 3850 1059 3915 olim
1081 3851 1201 3934 colleyii
1216 3851 1412 3917 Parisiensis
1431 3871 1489 3917 soc.
1505 3851 1587 3930 Iesu,
1609 3851 1647 3915 de
1662 3851 1752 3916 cuius
1768 3848 1853 3936 fotis
1874 3852 2052 3916 etmateria

393 3952 521 4018 uidendi
531 3955 605 4018 sunt
624 3951 673 4018 W.
684 3951 796 4033 Meyer
806 3951 827 4016 l.
844 3952 865 4016 l.
874 3973 906 4032 p.
919 3952 984 4016 259
996 3952 1078 4018 Raso
1093 3952 1201 4038 (Vere.
1214 3953 1245 4022 d.
1257 3954 1312 4020 lat.
1328 3953 1406 4021 Hss.
1418 3955 1448 4018 d.
1463 3953 1505 4020 K.
1517 3953 1604 4020 Bibl.
1617 3974 1657 4019 eu
1671 3953 1788 4018 Berlin
1803 3953 1828 4018 I
1835 3955 1901 4018 382
1913 3971 1946 4017 u.
1960 3955 2050 4038 103).

396 4057 526 4122 codicem
542 4075 611 4120 cum
627 4053 767 4120 Parisiis
784 4054 888 4119 adbuc
902 4059 979 4120 esset
989 4057 1016 4139 ³)
1038 4057 1117 4121 cidit
1131 4055 1191 4126 Pl.
1206 4057 1368 4136 Lobbeus,·
1389 4056 1489 4143 refert
1504 4057 1557 4122 ille
1571 4063 1667 4139 (noca
1683 4057 1754 4122 bibl.
1766 4076 1838 4123 mss.
1852 4056 1951 4122 Poris
1966 4057 2052 4122 1653

389 4180 424 4241 p.
441 4159 517 4236 58):
539 4158 707 4224 Dracontii
729 4157 882 4223 nonnulle
906 4161 1048 4224 carmine
1070 4161 1132 4225 nisi
1154 4161 1238 4227 forte
1254 4162 1410 4227 mentitur
1431 4162 1597 4246 inscriptio
1619 4161 1660 4242 ijs
1676 4160 1943 4246 superaddemus,
1966 4183 2051 4247 quae

394 4263 522 4348 pridem
546 4263 653 4327 emisit
678 4262 711 4325 in
733 4261 899 4345 publicum
930 4283 1003 4328 oum
1026 4264 1187 4330 nonnullis
1208 4265 1281 4347 elijs
1303 4263 1443 4350 Eugenii
1466 4263 1617 4329 Toletani
1638 4267 1694 4330 lec.
1709 4263 1749 4328 R.
1766 4263 1803 4328 P.
1820 4264 1960 4330 Iacobus
1983 4263 2050 4328 Sir-

397 4365 536 4430 mondus
558 4370 587 4429 et
605 4384 701 4446 porro
723 4366 768 4446 (p.
786 4365 859 4447 59):
881 4363 1058 4431 Gislebsrti
1080 4369 1211 4433 Aureae
1234 4367 1339 4433 Vallis
1361 4367 1490 4432 abbatis
1513 4366 1634 4432 ordinis
1649 4368 1862 4432 cisterciensis
1884 4387 1996 4432 versus
2017 4367 2051 4430 in

395 4469 630 4534 senotueimem
647 4467 875 4532 cucharistiam
898 4468 976 4534 eddi
990 4475 1143 4554 poterent
1165 4491 1208 4536 ex
1223 4471 1405 4536 Peteuicno
1428 4469 1540 4534 Indice
1564 4491 1637 4534 aum
1659 4469 1849 4534 centonibus
1872 4469 1913 4534 de
1936 4470 2050 4555 poeni-

398 4574 501 4638 tentia
525 4592 567 4637 ex
589 4570 779 4654 Dracontio,
803 4573 949 4637 oratione
973 4572 1015 4637 ed
1039 4571 1202 4639 Christum
1225 4573 1372 4640 versibus
1394 4572 1540 4638 adonicis
1555 4624 1562 4639 .
1580 4623 1612 4638 ..
1637 4579 1671 4637 et
1692 4571 1837 4658 pluribus
1861 4573 1942 4638 eliis.

499 4674 675 4757 centones⁴)
707 4675 742 4736 in
768 4675 868 4739 codice
894 4680 1045 4756 occupant
1069 4676 1242 4758 f.1-7⁸,
1271 4678 1417 4742 ultimam
1441 4678 1595 4759 payinam
1623 4676 1690 4741 luce
1715 4675 1904 4741 imitandam
1929 4677 2053 4742 curauit

393 4779 507 4860 Meyer
537 4777 575 4859 (l.
592 4777 614 4842 l.
631 4777 693 4844 tab.
707 4777 772 4855 II).
824 4780 961 4859 excerpti
987 4784 1062 4844 sunt
1087 4801 1127 4846 ex
1157 4780 1259 4845 tribus
1279 4779 1452 4846 Dracontii
1473 4779 1578 4856 tibris,
1609 4780 1665 4860 yut
1685 4782 1773 4845 2317
1801 4783 1876 4845 sunt
1897 4799 2051 4859 vusuum,

499 4969 526 5034 1)
539 4966 696 5021 contratiae
708 4964 870 5036 demptum
887 4981 942 5021 esee
959 4967 990 5021 in
998 4974 1198 5037 proyrmmuate
1207 4983 1298 5038 yymn
1311 4967 1449 5022 micare.
1465 4966 1573 5024 Vratisl.
1587 4973 1660 5036 1030,
1674 4983 1705 5036 p.
1720 4974 1737 5022 2
1753 4967 1820 5022 dicit
1834 4967 1945 5024 Glaeeer
1957 4969 2051 5038 praef.

390 5069 421 5122 p.
434 5059 457 5108 3.
546 5052 573 5121 2)
593 5057 686 5106 tomen
702 5051 734 5104 iu
750 5067 829 5106 usum
848 5068 939 5106 eorum
957 5054 1005 5122 qui
1017 5053 1143 5108 dubitant
1160 5053 1192 5106 in
1209 5053 1317 5121 scriptis
1329 5068 1382 5120 per
1393 5057 1510 5108 recantes
1527 5052 1630 5108 codices
1647 5053 1758 5108 tradtis
1775 5069 1916 5122 oynoecere
1928 5055 2051 5122 lactucas,

395 5137 520 5193 adscribo
537 5142 600 5207 yuot
617 5153 707 5192 rusus
724 5138 756 5192 in
772 5138 822 5193 boe
839 5139 958 5193 carmine
971 5154 1021 5206 per
1037 5139 1145 5193 caecula
1162 5139 1321 5194 munaus.
1356 5139 1388 5193 in
1401 5138 1428 5193 B
1445 5138 1543 5194 aare
1560 5139 1617 5193 iam
1633 5145 1668 5194 01
1688 5153 1778 5194 austu
1794 5141 1829 5208 (1,
1840 5146 1896 5196 380.
1914 5147 1973 5197 317.
1990 5147 2050 5197 338.

394 5231 453 5281 340.
471 5231 532 5280 084.
553 5231 609 5280 110.
630 5230 682 5283 tur.
705 5230 729 5291 3,
740 5228 894 5294 623-677)
915 5225 972 5279 uisi
994 5225 1076 5279 aiam
1094 5225 1189 5294 plures
1207 5224 1364 5280 exciderim
1382 5241 1432 5294 per
1448 5225 1544 5279 lebnnu
1566 5224 1604 5278 Π
1617 5230 1643 5279 et
1664 5225 1734 5293 111„
1753 5225 1785 5278 iu
1801 5225 1829 5282 U
1848 5225 1921 5295 (itan
1940 5227 1996 5293 sere
2019 5226 2052 5280 in

394 5311 506 5366 Areocli
523 5310 638 5366 aditoria
656 5309 719 5366 uide
736 5310 869 5378 Monta)
886 5328 944 5366 nou
960 5313 1052 5366 miuus
1069 5319 1103 5368 97
1117 5328 1208 5368 uermes
1220 5311 1412 5367 widmarum
1429 5311 1546 5382 maner
1564 5327 1608 5367 eos
1625 5313 1673 5380 you
1689 5311 1722 5366 iu
1739 5311 1832 5366 Biam
1843 5311 1941 5368 desum
1959 5319 1983 5381 2,
1993 5320 2050 5370 100.

395 5405 452 5455 109.
472 5404 598 5454 147166.
622 5404 676 5454 167.
694 5403 753 5454 200.
772 5403 829 5452 334.
846 5403 902 5454 313.
921 5404 981 5452 433.
999 5405 1059 5455 433.
1093 5405 1118 5467 3,
1129 5406 1153 5455 3.
1173 5407 1287 5455 14-18.
1308 5405 1350 5455 88.
1368 5403 1518 5455 est-301.
1540 5405 1600 5454 388.
1619 5405 1676 5454 436.
1693 5404 1750 5454 481.
1767 5406 1888 5456 600-2.
1910 5406 1964 5454 817.
1985 5403 2051 5466 743).

394 5501 417 5539 o.
429 5490 552 5552 111110.
571 5499 639 5552 quos
655 5483 805 5538 ammonit
814 5483 946 5539 Areoolus
962 5501 1020 5539 uon
1036 5491 1102 5540 erint
1118 5486 1262 5554 Draoorui,
1279 5485 1326 5540 sed
1337 5485 1453 5557 Fluyeui.
1471 5501 1493 5539 o.
1507 5483 1545 5538 od
1560 5486 1578 5540 l.
1665 5483 1693 5552 3)
1712 5501 1798 5554 nemu
1815 5486 1886 5539 enim
1903 5501 1937 5540 ex
1954 5484 2052 5540 Labboi

393 5570 477 5624 cubis
499 5569 530 5624 id
551 5568 646 5625 deduci
662 5574 777 5638 opertet,
799 5571 880 5624 etiam
896 5570 1033 5626 Dracouti
1054 5577 1177 5628 mutares
1200 5573 1287 5640 samse
1308 5573 1340 5626 in
1361 5571 1454 5627 iudice
1471 5571 1630 5628 Petariano.
1738 5572 1767 5642 4)
1790 5587 1886 5640 scyuor
1907 5571 2051 5626 odumuem

394 5655 505 5727 Myer,
520 5661 664 5724 praelum
674 5655 757 5710 babiti
769 5655 916 5725 descriptos
927 5675 946 5711 a
957 5657 1087 5727 Peipero,·
1103 5660 1152 5728 yui
1164 5659 1243 5714 cades
1255 5674 1315 5714 nom
1326 5659 1382 5714 nisi
1393 5660 1432 5716 bie
1444 5665 1513 5714 terre
1524 5660 1556 5713 iu
1567 5657 1686 5714 minimis
1697 5673 1755 5711 uon
1766 5657 1839 5711 iuter
1850 5673 1879 5712 se
1891 5657 2052 5726 discrepent,

394 5741 451 5811 ipse
468 5740 606 5812 spereat
623 5741 738 5798 corinun
755 5742 845 5798 denuo
862 5743 992 5808 consum.
