4590 6390
1137 379 1339 438 Duucouuu

813 561 942 624 saucius
966 565 1064 647 atque
1086 581 1222 646 gemens
1246 580 1308 646 quo
1332 559 1487 645 languida
1510 559 1646 624 uulnera
1669 564 1770 642 curet,

742 681 776 735 75
813 666 952 730 olassica
974 665 1002 730 si
1025 665 1140 731 subitis
1163 665 1283 730 feriant
1306 664 1514 750 clangoribus
1538 685 1644 742 aures,

811 769 836 832 it
858 769 959 849 dolor,
982 769 1031 834 ira
1050 768 1145 850 redit,
1170 789 1232 836 ceu
1254 770 1320 835 iam
1343 769 1384 834 sit
1406 769 1505 860 plaga
1527 769 1673 848 cicatrix,

812 870 958 936 redditur
980 877 1014 938 et
1037 872 1161 938 saniem
1183 872 1270 938 sistit
1289 872 1377 938 furor
1399 893 1491 938 arma
1513 893 1696 959 reposeens,

812 976 862 1060 (fit
884 976 1047 1042 medicina
1068 977 1167 1057 furor,
1190 977 1279 1042 furor
1301 983 1335 1043 et
1356 999 1421 1044 vox
1443 983 1571 1044 tessera
1593 977 1707 1042 Martis

811 1087 845 1146 et
867 1079 945 1146 dare
968 1080 1032 1146 ianr
1055 1080 1210 1148 membris
1233 1080 1328 1146 discit
1350 1081 1430 1148 tuba
1453 1101 1551 1148 rauca
1574 1081 1744 1169 salutem);
1764 1117 1808 1131 -

740 1197 776 1253 80
811 1189 868 1248 aut
890 1183 980 1250 velut
1002 1205 1078 1249 acer
1102 1204 1204 1270 equus
1229 1185 1304 1250 circi
1327 1185 1404 1272 iuga
1426 1184 1512 1252 lsrre
1534 1184 1671 1264 dicatus,

812 1287 918 1353 orbita
941 1287 1117 1374 comipedo
1140 1275 1288 1375 sequitur
1309 1309 1406 1375 quem
1429 1287 1529 1356 ducta
1550 1289 1672 1371 volatu,

810 1389 837 1456 si
859 1391 961 1457 fretus
983 1393 1113 1479 propria
1135 1393 1314 1474 voluntate,
1336 1393 1457 1460 favoris
1479 1394 1652 1459 alumnus

810 1497 885 1582 plus
908 1503 962 1562 cet
983 1498 1016 1562 in
1038 1497 1147 1563 frenos
1170 1503 1203 1564 et
1225 1498 1372 1564 concitus
1393 1518 1455 1564 axe
1478 1519 1597 1564 sonoro

811 1601 956 1687 pulveris
979 1601 1013 1666 in
1036 1601 1156 1666 nubem
1179 1601 1314 1668 radiatio
1336 1601 1469 1668 orbibus
1492 1608 1583 1668 actas

741 1720 774 1774 85
811 1705 949 1792 accipiat
972 1711 1046 1791 post
1069 1725 1164 1770 crura
1188 1711 1276 1770 rotas
1299 1711 1332 1770 et
1354 1712 1485 1772 corruat
1506 1707 1602 1782 ictus,

812 1829 888 1873 mox
910 1807 1051 1873 studium
1075 1807 1167 1874 dolor
1190 1809 1294 1874 omnis
1317 1809 1418 1876 habet
1438 1810 1617 1896 plangente
1641 1812 1759 1892 colorc,

811 1911 950 1977 adversa
972 1911 1149 1998 plaudente
1172 1933 1282 1994 manu,
1305 1913 1506 2000 stabulisque
1529 1914 1683 1980 refertur:

810 2015 955 2080 hinnitus
979 2016 1006 2081 si
1028 2015 1110 2082 forte
1134 2023 1252 2082 sonent
1276 2018 1495 2105 strepitusque
1517 2024 1660 2084 rotarum

811 2125 845 2185 et
867 2119 960 2186 favor
982 2141 1141 2186 excussus
1164 2121 1273 2186 caveis
1296 2122 1498 2188 circensibus
1519 2123 1646 2209 ingens,

742 2241 777 2297 90
812 2224 921 2290 clavat
944 2224 1075 2292 elisum:
1100 2225 1232 2291 directis
1254 2225 1389 2292 auribus
1412 2226 1523 2292 audax

811 2335 924 2396 erecta
946 2330 1074 2396 cervice
1097 2335 1195 2417 eaput
1217 2329 1442 2396 tremibundus
1465 2336 1499 2396 ot
1520 2337 1609 2396 artus

811 2440 927 2520 penset
948 2455 1008 2500 nec
1032 2435 1197 2500 stabulum
1220 2435 1317 2502 fessis
1341 2435 1519 2501 hinnitibus
1542 2435 1666 2522 implet,

811 2537 892 2624 (iam
915 2559 980 2624 qua
1003 2545 1068 2604 stat
1090 2539 1213 2626 pluitur
1235 2539 1332 2605 tellus
1356 2539 1472 2606 sudore
1494 2539 1625 2624 luroris)

810 2643 946 2708 vulnera
969 2643 1152 2730 despiciens
1175 2643 1368 2710 absentibus
1391 2664 1449 2710 ora
1471 2644 1591 2730 lupatis

742 2763 776 2819 95
812 2747 931 2832 ingerit
953 2753 987 2814 et
1009 2767 1130 2812 vacuos
1153 2746 1209 2812 dat
1232 2753 1305 2834 post
1327 2748 1500 2834 praesepia
1522 2768 1651 2826 cursus;
1673 2785 1716 2796 -

810 2857 867 2917 aut
889 2851 958 2918 avis
982 2851 1109 2917 insidiis
1132 2857 1266 2917 curvato
1291 2852 1411 2918 vimine
1435 2853 1555 2930 clausa,

810 2977 894 3042 quae
918 2963 1016 3022 cantu
1039 2955 1181 3021 mulcere
1205 2956 1288 3021 solet
1310 2955 1371 3022 sub
1394 2977 1475 3022 roca
1498 2976 1618 3021 canora

811 3060 985 3126 arboreum
1008 3081 1068 3146 per
1091 3066 1208 3126 cuncta
1230 3081 1346 3126 nemus
1369 3059 1531 3145 durosque
1553 3059 1683 3126 labores

809 3164 998 3250 agricolum,
1023 3163 1097 3229 silet
1118 3165 1206 3229 intus
1229 3164 1355 3230 habens
1378 3164 1507 3250 captiva
1529 3163 1675 3230 dolorem

724 3287 773 3344 100
808 3268 969 3334 libertatis
992 3287 1106 3334 amans
1129 3289 1226 3334 auras
1249 3288 1484 3354 nemorumque
1507 3287 1663 3334 cacumen

808 3380 842 3437 et
864 3379 953 3438 tacet
976 3393 1071 3438 omne
1094 3373 1197 3437 melos
1220 3373 1365 3439 retinens
1388 3373 1449 3439 sub
1472 3393 1554 3439 voce
1579 3373 1705 3439 silenti:

807 3478 911 3544 altera
933 3478 961 3542 si
984 3483 1113 3542 resonet
1134 3476 1310 3542 modulatis
1333 3476 1481 3542 cantibus
1503 3477 1584 3558 ales,

805 3583 965 3667 ingenuos
987 3581 1044 3646 dat
1068 3587 1163 3667 capta
1185 3601 1282 3646 sonos
1306 3581 1399 3667 quasi
1420 3581 1534 3659 libera,
1557 3602 1696 3646 vernans

807 3691 844 3750 ut
866 3685 1018 3750 credatur
1040 3685 1109 3750 avis
1132 3705 1222 3750 ramo
1246 3686 1402 3750 cecinisse
1424 3685 1553 3768 virenti,

722 3806 772 3864 105
806 3789 863 3856 illa
886 3796 994 3855 tamen
1019 3789 1172 3875 querulas
1196 3789 1312 3855 miscet
1334 3790 1420 3856 male
1443 3789 1575 3876 garrule
1596 3809 1711 3854 voces:
1735 3827 1777 3838 -

805 3895 851 3959 sic
877 3914 939 3979 ego
963 3893 1110 3980 captivus
1133 3899 1183 3958 tot
1205 3893 1298 3959 festis
1322 3895 1492 3980 plausibus
1516 3899 1608 3960 actus

807 3999 952 4064 carmina
974 4017 1080 4084 pauca
1102 3997 1205 4064 feram
1228 3997 1364 4065 delectis
1386 3999 1457 4084 ipse
1480 3997 1606 4065 duobus

809 4123 851 4168 ex
873 4121 994 4188 genere
1017 4101 1195 4182 amborum,
1219 4103 1275 4188 qui
1296 4123 1348 4168 me
1370 4103 1558 4170 modulante
1585 4111 1756 4182 canentum

806 4205 977 4292 pontifices
1001 4205 1083 4270 sacri
1107 4203 1308 4270 Statulenius
1332 4205 1528 4292 Optatianus

721 4327 771 4384 110
806 4309 948 4374 moribus
971 4308 1131 4392 innocuis,
1154 4314 1267 4374 sancta
1289 4311 1412 4394 pietate
1437 4311 1584 4390 modesti,

806 4413 965 4499 religione
988 4412 1042 4498 pii,
1066 4413 1164 4478 castis
1188 4413 1346 4478 altaribus
1370 4415 1447 4500 apti,

751 4607 753 4610 Ι
805 4538 940 4603 quorum
965 4537 1046 4581 cana
1068 4515 1149 4581 fides
1172 4539 1232 4604 per
1255 4539 1348 4582 sacra
1370 4519 1490 4603 palatia
1512 4521 1639 4606 pollens

512 4725 546 4780 75
564 4729 586 4780 si
604 4727 740 4792 Bitobeler,
758 4729 798 4778 his
817 4727 847 4778 N
916 4725 949 4778 78
967 4733 993 4778 et
1010 4745 1063 4794 eqo,
1081 4734 1120 4778 est
1138 4727 1169 4777 N
1234 4735 1332 4781 tessara
1350 4727 1377 4778 N
1453 4726 1486 4780 19
1504 4731 1580 4782 discit
1597 4731 1631 4796 N,
1650 4733 1712 4784 dicit
1730 4731 1857 4786 Br'tclleler
1929 4733 1960 4785 81
1980 4736 2063 4786 corni-

410 4816 507 4883 pedum
521 4815 615 4882 Peipcr·
705 4813 740 4866 82
763 4815 897 4866 uoluntate
921 4813 955 4877 N,
978 4815 1013 4882 cs.
1030 4813 1085 4866 ind,
1102 4823 1187 4875 metr.,·
1211 4815 1347 4880 displicent
1369 4817 1527 4868 coamatores
1552 4826 1580 4868 ut
1601 4819 1713 4880 levitate,
1731 4820 1802 4871 volet
1824 4827 1885 4886 erte,
1904 4823 1976 4873 velut
1999 4829 2063 4882 arte,

408 4903 504 4954 virtuto
591 4899 625 4954 84
644 4901 758 4953 radiatus
777 4901 810 4966 N,
829 4918 896 4952 corr.
909 4899 991 4952 Dalm
1085 4897 1118 4952 85
1136 4917 1234 4953 cornua
1251 4883 1318 4952 ictb's
1376 4903 1456 4962 asic
1475 4903 1504 4952 N
1593 4901 1628 4956 86
1651 4905 1763 4957 stadium
1781 4907 1875 4974 Pcipcr
1949 4908 2063 4960 studium

408 4989 479 5040 calor
496 4989 579 5041 omnis
596 4989 652 5041 abit
663 4989 791 5040 Bitobelcr
860 4989 999 5055 plangente
1017 4987 1103 5040 dolore
1116 4987 1149 5052 N,
1169 5005 1235 5040 corr.
1250 4989 1377 5056 Rossbary
1446 4987 1479 5040 87
1497 4991 1614 5042 Aduerso
1626 4991 1660 5055 N,
1675 5009 1742 5042 corr.
1756 4991 1836 5045 Dulm
1905 4992 1940 5046 90
1957 4995 2064 5046 inlisum

409 5074 502 5140 Pcipcr
589 5074 624 5128 95
643 5083 701 5143 post
723 5075 850 5142 presentia
868 5075 901 5138 N,
926 5091 971 5142 par
996 5077 1130 5142 praesepia
1148 5076 1269 5128 Bdbreur
1360 5075 1408 5128 101
1429 5078 1539 5130 reticens
1558 5079 1592 5143 N,
1615 5089 1682 5131 corr:
1695 5081 1822 5133 Bitclrcler
1910 5079 1959 5134 101
1977 5083 2019 5150 ipa
2037 5083 2069 5133 N

443 5160 494 5213 109
511 5163 674 5230 Optauianus
693 5163 726 5224 N,
745 5179 812 5214 corr.
826 5161 906 5212 Dubn
924 5161 967 5227 qui
984 5162 1060 5214 etiem
1077 5163 1237 5215 Octavianus
1252 5165 1386 5229 proposuit

512 5353 546 5406 75
571 5350 646 5421 Vcrp.
660 5355 728 5405 Aen.
742 5356 767 5418 3,
779 5356 830 5404 226
848 5348 990 5420 Harpyiae
1015 5353 1045 5406 et
1062 5349 1172 5421 magnis
1192 5351 1327 5421 quatiunt
1343 5352 1521 5422 clangoribus
1540 5353 1600 5408 alas
1619 5353 1713 5422 (auras
1730 5353 1805 5410 codd.
1818 5358 1902 5422 racel.
1921 5353 2064 5410 Orcat.634

409 5452 528 5510 classica
555 5453 699 5510 bellisonis
725 5452 855 5523 quatiant
879 5454 1058 5526 clangoribus
1084 5471 1167 5510 auras
1272 5457 1528 5525 78Arctor1,178
1554 5457 1656 5512 vulnus
1681 5457 1771 5527 iniqui
1796 5459 1828 5512 fit
1853 5457 1992 5514 medicina
2017 5459 2064 5512 dei

443 5558 478 5616 80
499 5557 544 5612 Oc,
557 5563 617 5613 met.
630 5563 655 5626 3,
670 5565 718 5612 704
735 5561 768 5613 ut
785 5557 881 5614 fremit
899 5576 965 5614 acer
981 5577 1070 5628 equus
1148 5561 1183 5616 88
1202 5560 1441 5630 Hor.cpist.1,17,
1457 5569 1472 5616 7
1488 5561 1678 5634 strepitusque
1696 5564 1821 5624 rotarum
1896 5563 1931 5624 94
1951 5559 1996 5618 Oc.
2008 5578 2062 5620 am.

409 5667 432 5726 1,
445 5667 469 5725 2,
483 5669 514 5716 15
534 5678 615 5734 asper
633 5679 720 5736 equus
739 5660 814 5718 duris
833 5663 1014 5720 contunditur
1031 5679 1080 5719 ora
1097 5662 1204 5742 lupatis
1222 5663 1267 5730 (cf.
1281 5662 1364 5717 Prud
1373 5663 1465 5746 papule.
1478 5668 1535 5746 192)
