4568 6396
519 397 554 451 II.
584 396 632 452 DE
651 395 840 452 DRACON'I'I
859 394 1089 452 CARMINIBVS
1108 395 1300 452 CODIOIBVS
1317 395 1563 454 EDI'I'IONIBVS.
1749 393 1869 449 XXXIII

208 578 312 640 tamen
326 573 438 654 stirpis
459 591 499 636 ec
513 591 577 653 qua
598 573 643 635 est
657 568 700 646 B,
723 568 806 650 quod
827 570 908 635 male
929 588 1015 632 nnnc
1026 567 1131 634 reddit
1145 568 1186 645 A,
1209 570 1300 634 tertio
1315 569 1452 634 incertae
1461 571 1591 650 patriae
1613 574 1642 635 et
1664 572 1787 648 aetatis,
1810 591 1870 654 quo

207 679 353 744 utebatur
375 677 431 758 qni
452 675 624 756 composuit
649 673 685 736 in
705 673 858 756 (larilcpic
884 673 1064 738 Proverbia
1086 672 1246 737 Horestis.
1297 673 1539 754 antiquissimus
1565 674 1758 757 optimusque
1784 678 1872 744 moda

208 784 288 846 recte
310 780 415 845 utaris
438 779 473 842 in
489 775 648 860 trapoedia
665 777 751 840 mstis
773 779 819 840 est
833 775 928 840 codex
947 774 1164 840 Beruensis
1180 775 1427 858 Bonparsianus
1448 776 1490 839 45
1506 795 1584 841 saec.
1598 777 1655 842 IX
1673 780 1758 844 circa
1773 779 1870 846 Pari·
1889 793 1922 847 Β

208 886 326 950 siarum
345 885 427 965 fines
448 879 627 964 scriplum).
665 879 787 943 exbibet
802 883 876 962 post
891 879 1058 943 Lucanum
1066 879 1093 963 ²)
1115 879 1190 943 inde
1210 900 1232 943 a
1252 879 1309 959 fot.
1326 880 1386 945 52·
1408 879 1512 944 orde
1536 877 1655 946 Orestis
1670 884 1870 966 trapoedsam,

209 1009 303 1072 quam
332 986 475 1068 sequitur
508 983 569 1069 fol.
591 984 652 1047 59Γ
678 983 744 1048 ord.
766 987 786 1046 1
813 981 938 1068 Hypini
970 983 1183 1064 frapmentum
1210 982 1247 1046 de
1272 985 1492 1050 astronomica.
1553 985 1697 1066 simpulae
1728 990 1871 1072 popinae

210 1093 294 1158 binis
323 1089 488 1156 ordinibus
518 1089 677 1153 continent
706 1085 778 1171 fere
806 1087 935 1151 75-78
962 1105 1080 1150 uersus.
1130 1091 1306 1152 cernuntur
1334 1108 1430 1152 rarae
1458 1090 1661 1154 correctiones
1684 1091 1872 1173 plerumque

209 1195 416 1261 rubricataris
436 1211 536 1257 manu
553 1189 669 1276 factae.
715 1191 846 1256 codicem
868 1209 1060 1271 quamquam
1081 1191 1145 1253 iam
1167 1211 1189 1253 a
1213 1191 1321 1255 multis
1344 1191 1487 1256 conlatus
1513 1196 1559 1256 est
1585 1212 1650 1256 non
1672 1194 1741 1258 sine
1758 1195 1872 1280 fructa

209 1301 275 1382 ipse
296 1298 398 1364 denuc
419 1296 538 1362 conlidi
553 1296 677 1376 partim
697 1294 820 1358 Ranae
842 1294 954 1375 depens
969 1295 1093 1374 partim
1108 1294 1249 1377 Monesi,
1272 1314 1333 1376 quo
1355 1296 1477 1378 eprepia
1498 1296 1562 1360 oiri
1582 1295 1664 1361 docti
1685 1299 1741 1378 qui
1755 1298 1870 1382 bpblic-

210 1403 312 1468 tbecae
339 1399 500 1466 Beruensi
525 1402 652 1480 praeest
674 1397 950 1462 transmittendum
979 1398 1102 1461 curauit
1128 1397 1314 1462 liberalitas.
1365 1398 1529 1480 descripsit
1556 1401 1710 1466 librarius
1737 1403 1872 1468 latinam

210 1508 351 1590 linpnam
368 1524 473 1586 paene
494 1523 559 1570 nan
581 1503 704 1568 edoctus
726 1523 765 1566 eu
787 1500 959 1583 aeemplari
981 1503 1169 1566 minusculis
1186 1504 1361 1586 perscripto
1383 1503 1573 1586 sisipotbicis
1590 1509 1626 1569 ut
1641 1505 1764 1571 uidetur
1779 1510 1872 1590 atque

209 1612 331 1678 mendis
352 1610 421 1676 illis
442 1609 555 1691 quibus
575 1609 641 1672 iam
663 1607 799 1672 scatebat
820 1606 905 1671 illud
920 1605 1081 1687 permulta
1103 1625 1164 1670 sua
1185 1606 1308 1671 adiecit.
1364 1626 1434 1671 curn
1456 1611 1561 1672 tannn
1586 1628 1651 1674 nan
1678 1609 1873 1676 adulteraret

210 1736 290 1799 quae
312 1712 490 1779 inueniebat
510 1710 576 1776 nisi
597 1709 761 1774 rarissime
782 1715 811 1772 et
833 1708 1062 1792 simplicissime
1084 1711 1121 1772 ut
1141 1709 1345 1790 aliquatenus
1367 1709 1461 1774 umba
1482 1709 1620 1796 efficeret
1642 1713 1749 1778 latina
1757 1713 1793 1794 ⁸),
1816 1733 1880 1780 cer·

211 1821 351 1886 tissimus
372 1821 475 1882 exstat
496 1815 564 1880 dua
585 1812 629 1877 ad
650 1811 867 1894 reperiendum
890 1833 997 1876 auum
1016 1812 1116 1894 etqui
1130 1811 1368 1894 dilipentissime
1383 1812 1638 1896 orthopraplriam
1653 1820 1683 1880 et
1696 1816 1880 1882 mendorum

210 1943 324 2006 penora
345 1919 488 1987 otendit.
532 1919 639 1999 itaque
661 1916 733 1981 dedi
754 1917 790 1980 in
812 1916 982 1998 appendice
1005 1923 1049 1998 (p.
1065 1917 1145 1995 451)
1168 1920 1361 1998 conspectam
1383 1917 1442 1982 bas
1463 1939 1514 1984 res
1535 1920 1791 1987 inlustraturum.

313 2029 349 2092 at
359 2023 592 2111 fallacissimus
605 2021 796 2104 pubernator
809 2019 971 2086 habendus
993 2025 1039 2085 cst
1053 2020 1147 2085 codes
1161 2022 1393 2086 recentissimus
1407 2023 1682 2089 Ambrosianus
1704 2023 1738 2091 0.
1750 2029 1793 2090 74
1801 2047 1871 2108 sup.
1890 2036 1922 2090 A

211 2131 400 2207 dsartaceus,
423 2147 513 2210 quem
534 2124 613 2189 mibi
628 2129 703 2206 post
729 2123 763 2191 0.
782 2123 823 2188 G.
839 2123 992 2189 Muelleri
1013 2123 1055 2189 A.
1075 2123 1164 2188 Maii
1189 2123 1382 2190 Baebrensii
1410 2145 1505 2191 curas
1531 2127 1749 2210 benipnissime
1775 2132 1872 2196 inter-

212 2236 332 2302 cedente
357 2235 397 2301 G.
413 2229 617 2311 Fumapallio
638 2227 740 2292 denuc
763 2227 895 2294 contulit
915 2225 959 2294 D.
975 2225 1085 2292 Bassi.
1123 2227 1221 2292 eidern
1236 2227 1327 2293 debeo
1341 2227 1454 2294 codicis
1468 2229 1714 2312 descriptionem.
1753 2237 1875 2300 constat

211 2340 299 2419 foliis
313 2341 335 2403 3
356 2357 421 2403 nan
442 2336 619 2401 numeratis
640 2339 669 2400 et
684 2337 748 2398 183
770 2335 946 2399 numeratis
967 2339 1060 2416 atque
1074 2333 1198 2399 uidetur
1212 2334 1346 2400 diversis
1361 2337 1436 2400 clim
1445 2336 1596 2417 partibus
1611 2357 1674 2402 esse
1689 2343 1873 2420 compactus,

212 2464 312 2509 caasa
332 2443 416 2507 enim
435 2439 526 2506 babet
539 2439 614 2504 baec
628 2440 709 2518 solia
723 2439 772 2503 ael
780 2439 922 2522 papinus
943 2440 995 2504 30.
1020 2440 1193 2502 ὅθ’-648.
1216 2439 1391 2504 79’-86·.
1415 2439 1631 2506 105·-111·.
1656 2445 1873 2527 133’-136·.

213 2545 429 2624 173r-175r,
454 2547 527 2622 180,
549 2544 624 2608 item
635 2543 776 2628 primum
798 2561 862 2606 nan
877 2545 1087 2607 numeratum.
1124 2543 1160 2606 in
1175 2542 1230 2608 boc
1244 2542 1359 2624 lepitur
1372 2541 1537 2608 Folioibus
1551 2543 1625 2609 III¹¹²¹
1640 2551 1674 2611 ot
1687 2544 1750 2610 ΒΙιιι
1765 2545 1874 2612 Fode-

212 2653 272 2718 rIci
294 2650 390 2716 cord.
410 2647 625 2714 Borrhomuei
647 2647 799 2730 auspiciis
815 2644 966 2731 Olgiatus
987 2645 1069 2710 vidit
1090 2667 1175 2711 anno
1194 2648 1286 2730 1603,
1310 2647 1365 2728 qui
1383 2645 1525 2729 Olpiatus
1543 2649 1609 2728 suit
1617 2649 1745 2734 primus
1760 2650 1875 2732 byblio-

213 2755 316 2821 tbecac
337 2753 568 2820 Ambrosianus
584 2749 777 2834 praa‘ectas.
822 2769 902 2830 quae
923 2751 1059 2814 continet
1079 2749 1174 2814 cadere
1195 2751 1339 2814 carmina
1361 2750 1436 2816 baec
1457 2755 1547 2816 sunt:

295 2876 450 2961 f.1-30
510 2871 650 2958 Vergilii
672 2872 839 2957 poematia

321 2979 468 3044 31-79·
514 2975 686 3042 Claudiani
710 2976 949 3061 epigrammata

321 3081 489 3148 87-105·
510 3079 661 3146 Horostis
684 3078 796 3144 inbulu
818 3078 861 3144 ab
885 3077 989 3144 onooh
1011 3077 1163 3144 asculano
1187 3083 1318 3163 roperta
1339 3079 1454 3165 incipit

301 3187 491 3251 112-1330
514 3183 580 3248 Titi
595 3182 762 3268 Calpurnii
779 3182 914 3268 eclogae
930 3188 1058 3268 septem
1073 3181 1206 3265 (accedit
1219 3182 1438 3262 Nemesianus,
1453 3181 1495 3269 cf.
1513 3182 1603 3267 bblp
1619 3185 1665 3251 ed.
1683 3185 1725 3252 Η.
1739 3185 1874 3252 Scbeulcl

510 3309 545 3369 s·
561 3286 627 3371 Μ)

299 3393 488 3458 137-1680
510 3391 636 3455 Ioviani
658 3389 800 3456 Ponteni
822 3389 905 3456 liber
927 3391 979 3455 oui
1001 3390 1113 3456 titulus
1135 3389 1386 3478 Parthenopeus

214 3618 377 3672 mausum
396 3599 489 3654 habeo
514 3597 691 3668 sexagesimo
714 3595 819 3652 abhinc
849 3613 924 3652 anno
945 3595 1073 3652 fabulam
1096 3595 1126 3650 in
1148 3597 1238 3653 Dacis
1259 3600 1402 3668 repertam
1423 3597 1499 3652 inter
1522 3595 1713 3652 vetustissima
1735 3599 1873 3667 quaedem

212 3689 400 3746 Romanorum
424 3685 542 3755 scripto,
569 3684 637 3738 dum
662 3687 811 3754 praetcrea
833 3683 941 3738 lumino
965 3681 1007 3737 ibi
1029 3682 1106 3738 houd
1129 3700 1221 3753 pauco
1243 3682 1434 3739 intercurrant
1461 3699 1554 3738 meras
1579 3683 1731 3740 vetustatis
1755 3684 1875 3750 semum,

213 3773 426 3847 propemodum
437 3772 561 3828 adducor
578 3774 611 3826 ut
630 3770 742 3826 credam
759 3769 835 3840 quod
853 3769 896 3824 vis
913 3785 957 3824 me
970 3769 1083 3824 credere
1101 3786 1160 3824 esso
1178 3769 1208 3823 id
1225 3786 1338 3825 carmen
1356 3769 1433 3825 haud
1445 3769 1534 3824 nostri
1551 3771 1694 3840 temporis.
1724 3771 1772 3827 scd
1784 3772 1875 3827 multo

214 3863 296 3935 pluro
314 3865 470 3931 suntquis
491 3877 547 3916 non
565 3860 716 3930 patiuntur
738 3877 784 3916 mo
807 3863 913 3916 temero
936 3862 1003 3915 tuse
1025 3858 1060 3914 ds
1081 3861 1225 3915 vetustate
1242 3858 1370 3930 opinioni
1388 3860 1521 3916 scombro
1539 3875 1592 3914 nso
1608 3857 1690 3929 potui
1713 3858 1744 3914 in
1761 3857 1875 3914 assidue

213 3948 352 4006 scribendi
363 3947 550 4018 occupatione
568 3950 661 4002 totum
674 3963 787 4002 cumen
805 3962 856 4016 per
874 3945 966 4002 ocium
984 3945 1089 4002 umori.
1120 3963 1217 4000 vorum
1234 3945 1302 4014 quis
1313 3946 1442 4016 postolos
1459 3949 1493 4002 ut
1509 3945 1545 4002 dc
1564 3961 1597 4000 sa
1615 3947 1678 4000 toto
1695 3942 1774 4000 illius
1786 3943 1876 4014 figura

213 4037 243 4092 in
263 4035 423 4092 universum
445 4035 545 4104 loquar
573 4033 648 4103 quod
671 4032 777 4090 sentio:
809 4035 923 4088 tuntum
945 4031 1084 4088 offirmare
1107 4049 1221 4104 possum
1242 4035 1293 4088 aut
1319 4049 1354 4088 ox
1374 4031 1578 4089 recentioribus
1601 4031 1725 4102 aliquem
1747 4029 1875 4087 extitimus

213 4123 366 4194 aliquando
383 4121 433 4191 qui
451 4121 541 4176 multo
559 4119 679 4176 similior
697 4118 840 4176 veteribus
858 4116 945 4174 tuerit
962 4135 1048 4188 quam
1070 4118 1106 4174 iis
1124 4137 1189 4176 oum
1206 4118 1309 4188 quibus
1328 4118 1412 4187 vixit,
1439 4123 1491 4176 uut
1508 4120 1533 4174 si
1550 4118 1706 4192 priscorum
1723 4137 1794 4174 unus
1811 4117 1875 4182 fuit.

213 4212 237 4266 is
257 4214 331 4266 corte
348 4208 495 4264 habendus
513 4211 556 4263 est
578 4205 628 4276 qui
646 4223 679 4262 ex
697 4205 760 4276 ipso
778 4205 816 4260 sit
834 4203 959 4261 ommino
976 4207 1108 4275 poetIeen
1126 4206 1298 4277 suspicatus.
1339 4206 1418 4262 Vale
1462 4222 1495 4262 ea
1515 4206 1565 4260 bac
1587 4199 1698 4275 epistola
1714 4205 1805 4260 basod
1828 4205 1876 4274 aui

213 4298 316 4365 scripsit
332 4297 364 4348 in
381 4295 449 4348 libra
466 4294 607 4349 ‘dioensis
624 4287 665 4348 de'
682 4292 799 4346 letterati
815 4290 941 4345 d’Itatia'
958 4291 990 4345 X
1010 4292 1142 4360 (Venetia
1158 4296 1231 4362 1718)
1245 4309 1275 4362 p.
1294 4299 1346 4348 488
1368 4310 1419 4363 por
1436 4293 1510 4348 altro
1528 4292 1559 4348 iu
1577 4292 1671 4348 ordita
1688 4291 1717 4348 ul
1735 4291 1876 4349 Sabellico

214 4401 270 4438 mm
294 4398 365 4452 poco
390 4380 537 4437 differente
565 4379 730 4450 impostura.
778 4379 889 4450 Angelo
914 4377 1045 4450 Verginio
1066 4379 1103 4434 do
1121 4377 1247 4436 Bottimo
1273 4379 1320 4436 nol
1339 4379 1437 4451 Regno
1459 4379 1615 4436 dicendis
1636 4379 1798 4451 glimondb
1818 4397 1876 4436 uno

214 4469 355 4543 TrogodIe
372 4469 463 4524 latina
480 4467 629 4524 intitulata
647 4465 766 4523 ‘Oreste'
785 4482 862 4522 coms
880 4467 977 4522 lavoro
996 4465 1026 4520 di
1044 4483 1126 4521 mano
1144 4465 1241 4522 sotios
1259 4469 1372 4522 trovato
1390 4465 1439 4537 gib
1450 4466 1486 4522 60
1503 4465 1571 4522 anni
1588 4465 1666 4522 nella
1679 4466 1876 4524 Transilvsnis

214 4561 259 4613 tra
271 4555 366 4612 alcum
384 4554 477 4611 scritti
493 4553 683 4610 antichissimi
701 4553 731 4609 di
744 4553 864 4610 Romani
877 4553 952 4618 (inde
968 4569 1028 4608 acm
1044 4552 1145 4608 mendis
1162 4553 1197 4607 A.
1212 4553 1275 4607 Mai
1292 4554 1375 4622 spicil.
1396 4545 1476 4610 mon.
1489 4553 1511 4606 I
1517 4569 1548 4622 p.
1563 4552 1698 4622 XXIII).
1727 4553 1771 4608 bic
1782 4553 1877 4609 daem

217 4660 277 4697 oum
298 4658 350 4711 pro
373 4642 466 4696 Dacia
484 4657 566 4710 mam
584 4645 723 4696 mcaamat
742 4639 850 4694 Uaccius
864 4645 975 4708 poneret
1001 4639 1233 4707 Itansilcaniam,
1259 4639 1364 4708 decepit
1387 4639 1498 4694 Maium
1525 4638 1705 4694 Sdsenbelium
1727 4640 1876 4708 Peiperum‚

214 4745 327 4799 pomum
343 4744 421 4782 nano
441 4728 531 4797 ipsam
548 4725 671 4781 Sabellici
687 4726 829 4795 epistulam
852 4726 967 4780 metuere
987 4725 1101 4782 audiuit.
1141 4741 1226 4794 rupee
1246 4727 1318 4781 enim
1338 4726 1435 4795 opirsor
1455 4725 1566 4780 mbnsm
1587 4731 1625 4780 eet
1648 4727 1717 4795 anun
1745 4727 1876 4798 Vsrpitins

213 4815 314 4870 miserit
333 4814 462 4870 sabellico
479 4813 594 4868 codicem
611 4813 669 4867 eius
685 4813 781 4881 stirpis
798 4813 889 4881 quatis
912 4817 949 4866 est
973 4813 1001 4866 A
1019 4811 1054 4881 (c.
1063 4828 1091 4880 p.
1107 4811 1271 4880 XXXIV),
1294 4812 1457 4882 descriptum
1477 4828 1510 4867 ecc
1527 4813 1673 4880 exemplari
1695 4813 1731 4868 ab
1746 4813 1877 4870 Henaelto

214 4903 352 4958 maino
368 4901 401 4956 in
411 4900 505 4956 Dacia
517 4899 559 4969 (id
570 4901 663 4969 ipsum
680 4917 699 4952 a
716 4899 833 4968 Verpitio
844 4898 982 4968 discimus)
1000 4899 1018 4954 i.
1036 4899 1068 4952 in
1081 4897 1179 4952 Dauia
1191 4899 1309 4968 iuuenta,
1326 4905 1358 4954 ut
1371 4899 1453 4954 estin
1464 4898 1539 4954 codd.
1557 4897 1688 4954 Vassiano
1704 4904 1728 4954 d
1745 4899 1877 4956 Vaticana

214 4989 361 5060 cleptem
380 4988 412 5040 in
436 4987 620 5041 scalmum
641 4985 735 5058 elogia
758 4985 869 5058 uirgilii
891 4983 1015 5041 maronis
1037 4984 1067 5040 in
1088 4988 1263 5042 meconetcm
1285 4985 1403 5042 inuento
1431 4985 1468 5042 ab
1489 4985 1586 5042 Hence
1608 4985 1640 5040 in
1663 4985 1752 5043 Dacis
1774 4988 1808 5053 (.
1829 4985 1877 5058 Iu.

218 5077 382 5142 Moenmsen,
404 5073 457 5128 Ro.
475 5073 551 5128 Mus.
570 5072 624 5140 VI,
646 5079 728 5141 1848,
751 5075 819 5142 688).
864 5089 925 5127 cum
948 5070 1093 5126 Henaelsus
1114 5073 1198 5126 annis
1220 5079 1356 5128 tabl-bb
1373 5073 1409 5140 (a.
1428 5072 1461 5128 G.
1481 5071 1566 5144 Voipt,
1591 5071 1745 5130 Wiederbel.
1758 5072 1784 5128 d.
1797 5073 1876 5130 llass.

214 5160 358 5216 Assem·
374 5176 402 5228 p.
416 5159 541 5229 tooqu.)
562 5159 683 5228 repiones
700 5160 925 5230 septentrionales
937 5158 1152 5228 permisceant,
1169 5159 1250 5214 etiam
1270 5160 1415 5228 seuapinta
1436 5159 1477 5213 itti
1501 5161 1572 5214 anui
1594 5158 1626 5214 de
1645 5161 1742 5229 aurbu
1767 5159 1878 5216 Uaccius

213 5249 291 5303 acrba
308 5247 379 5314 facit
395 5251 453 5316 sere
470 5245 641 5300 conveniunt.
681 5245 831 5301 bisantem
849 5245 1012 5312 temiaoniis,
1032 5245 1093 5300 dico
1109 5244 1207 5300 audisis
1224 5249 1251 5299 A
1269 5252 1294 5300 et
1314 5245 1437 5316 Verpitii‚
1461 5247 1666 5302 concinentibus
1685 5246 1805 5317 equidem
1821 5264 1878 5302 nan

213 5331 1186 5401 iarudssbitopuineerasitiiladeOresteabHeaacboincento
1210 5333 1878 5404 umoriuprcaeninauneoacmitncn

214 5437 246 5476 ec
271 5421 299 5476 B
317 5436 371 5476 esse
388 5419 553 5490 descriptum
569 5421 637 5476 mibi
654 5427 757 5476 certum
774 5421 817 5488 sit,
833 5419 867 5476 de
884 5437 941 5490 oua
957 5435 986 5475 re
1002 5437 1026 5476 a.
1033 5436 1063 5489 p.
1079 5420 1221 5475 XXXIV
1234 5425 1290 5476 not.
1303 5429 1325 5476 1.

319 5523 345 5592 1)
362 5539 385 5580 o.
401 5523 516 5591 Ibanbe,
535 5523 627 5579 Neues
644 5523 744 5580 Arabis
758 5525 780 5591 s.
792 5525 839 5578 sill.
853 5523 879 5580 d.
894 5523 1162 5592 (sucu-Foriensis
1175 5523 1305 5580 XXVII
1311 5541 1343 5594 p.
1357 5531 1413 5581 ms.
1497 5525 1525 5596 8)
1542 5542 1565 5580 c.
1577 5525 1709 5580 Inccansu
1720 5525 1760 5582 ed.
1773 5526 1879 5581 Hosius

211 5625 241 5678 p.
256 5609 329 5665 XII.
417 5609 445 5680 3)
462 5611 611 5680 ennnplum
627 5611 663 5665 sit
680 5629 703 5668 a.
718 5617 771 5668 888
786 5611 834 5666 ubi
845 5611 1010 5682 dsplsotent
1027 5611 1069 5677 B,·
1086 5612 1145 5667 sine
1161 5610 1243 5667 dubia
1259 5613 1292 5666 in
1307 5613 1454 5683 memplari
1464 5612 1570 5668 ridebat
1588 5613 1704 5684 deplent
1721 5616 1879 5682 commitens

215 5709 247 5748 ee
264 5694 375 5752 deflent.

320 5803 485 5855 §mimam
503 5807 695 5864 Asmomssm
713 5805 782 5856 XIV.
800 5805 821 5856 l.
1656 5821 1672 5860 e
