4568 6396
368 399 490 454 XXVIII
1096 394 1310 451 PRAEFATIO.

476 578 607 638 stemma
630 574 728 654 iqitur
751 573 916 638 memoriae
937 575 983 636 est
1003 569 1076 635 hoc:

1103 740 1300 807 Dracontius

474 2594 554 2656 quae
581 2593 650 2638 cum
678 2575 726 2638 ita
752 2573 818 2638 sint
843 2593 933 2639 neon
960 2573 1131 2639 mirabitur
1163 2574 1309 2657 quadiu
1337 2573 1436 2641 ABG
1465 2573 1567 2640 adhuc
1595 2575 1743 2657 lequntnr
1772 2575 1904 2658 oestiqia
1929 2573 2032 2640 ortlo-

370 2676 523 2762 qrapliiee
549 2678 672 2759 quatem
688 2677 843 2758 praebent
865 2676 981 2742 codices
1003 2677 1147 2758 Hispani
1155 2679 1193 2762 ⁴).
1251 2677 1411 2743 Yautem
1438 2681 1497 2742 aut
1524 2678 1644 2760 otique
1671 2678 1756 2742 inter
1784 2678 1862 2744 so
1889 2677 2034 2744 Ycodec

370 2781 509 2866 cerintus
523 2781 647 2847 cicietur
656 2779 761 2866 fnisse
777 2780 959 2846 litteratura
981 2781 1121 2847 insulari
1142 2802 1237 2863 quam
1251 2781 1368 2860 duent,
1391 2780 1426 2846 id
1446 2781 1530 2864 quod
1550 2782 1617 2846 veri
1638 2781 1741 2848 simite
1762 2781 1898 2846 reddunt
1912 2799 2034 2846 errores

370 2886 407 2950 in
428 2885 464 2950 B
485 2885 641 2952 commissi
663 2885 772 2966 quates
794 2887 824 2963 1,
835 2887 900 2947 310
921 2885 1071 2970 inceptus
1087 2905 1150 2966 pro
1173 2885 1324 2968 incertus,
1347 2886 1454 2960 &274
1476 2883 1588 2950 retibit
1602 2905 1666 2967 pro
1681 2885 1808 2970 petivIt,
1830 2886 1934 2964 &480
1957 2905 2035 2970 oep-

373 2989 497 3055 tissime
513 3009 577 3070 pro
600 2989 793 3071 castissime,
817 2991 847 3066 1,
857 2991 922 3052 474
945 2987 1041 3052 leudi
1056 3008 1119 3068 pro
1140 2990 1264 3073 patuit,
1296 2989 1328 3068 2,
1339 2987 1405 3053 259
1426 2987 1523 3053 heros
1539 3009 1602 3070 pro
1627 3009 1726 3072 error,
1749 2992 1779 3067 3,
1792 2993 1835 3053 77
1857 2987 2036 3054 defendere

370 3113 431 3174 pro
453 3091 651 3178 dependere,
674 3092 788 3155 autin
810 3092 843 3156 A
864 3092 895 3170 2,
908 3091 949 3156 75
971 3091 1107 3177 fingerent
1129 3113 1189 3174 pro
1210 3093 1356 3178 vigeant,
1385 3092 1416 3170 2,
1429 3093 1471 3155 90
1492 3093 1578 3157 intro
1605 3113 1640 3158 se
1670 3111 1730 3174 pro
1751 3093 1900 3177 intrasse,
1922 3093 2037 3158 autin

377 3195 405 3263 0
424 3196 454 3277 1,
465 3199 508 3260 89
530 3197 638 3282 perire
657 3195 849 3278 proterite.

477 3301 543 3364 iam
564 3299 703 3365 cadinem
724 3304 853 3364 stemma
873 3300 903 3365 si
924 3319 993 3364 nem
1015 3300 1060 3365 eis
1082 3299 1291 3381 conponimur
1322 3320 1402 3383 qnae
1423 3321 1459 3384 p.
1482 3299 1681 3366 VIII-IX
1707 3300 1884 3384 cotteqimus
1912 3299 1950 3367 de
1978 3300 2038 3367 leo·

374 3403 494 3469 toron
509 3406 621 3484 poetae
642 3403 810 3468 christiani
832 3402 906 3468 tace
923 3402 996 3488 fere
1017 3401 1122 3468 evadit
1142 3404 1244 3486 imaqo
1265 3403 1415 3468 notitiae:

1017 3591 1214 3658 Dracontius

472 3713 666 3794 exemplario
688 3711 852 3798 Africana
1030 3713 1211 3796 Hispanum
1484 3713 1573 3779 Itala
1810 3711 1971 3779 Gallicum
1989 3715 2037 3798 (.)

554 3815 646 3886 (neo.
663 3815 784 3884 omne.)
991 3816 1071 3886 (oso.
1080 3816 1253 3972 moise
1311 3818 1437 3886 (Areon,
1456 3815 1634 3885 stenae„
1649 3815 1788 3886 cumea)
1833 3816 1962 3886 (osen.
1975 3815 2002 3888 r)

1049 4009 1220 4090 Anqtieun

1034 4109 1126 4178 (Aroe.
1139 4110 1243 4179 noa)

1031 4197 1139 4265 cuempt.
1156 4195 1243 4252 Vatis.

89 4370 135 4426 st
145 4365 349 4424 monticulo
477 4350 648 4434 qenninam
663 4347 911 4434 satiq‘aetionem
925 4351 1079 4434 inteqram
1094 4370 1180 4417 nnus
1193 4351 1283 4417 nobis
1297 4351 1433 4417 servavit
1447 4351 1541 4417 coclea
1555 4351 1595 4417 ab
1612 4351 1752 4417 Arenata
1764 4352 1912 4418 inuentae
1930 4352 2036 4418 Vati·

330 4469 358 4521 V
372 4472 492 4518 canus
500 4453 578 4536 Req.
588 4453 674 4518 1267
685 4472 764 4518 saec.
777 4452 834 4519 IX
842 4459 878 4518 ut
887 4453 966 4518 mitri
976 4454 1141 4521 videbatur
1147 4454 1273 4540 formae
1286 4459 1473 4536 quartanae.
1499 4455 1585 4535 liber,
1598 4475 1688 4538 quem
1698 4456 1764 4537 ipse
1775 4453 1894 4521 Roneae
1905 4455 2037 4534 reunsi,

371 4577 411 4622 coe
425 4557 527 4622 variis
539 4557 686 4638 partitus
701 4560 876 4640 compactus
892 4561 956 4623 est:
976 4558 1057 4639 folia
1072 4562 1201 4623 1-138
1222 4563 1297 4624 sunt
1311 4557 1369 4624 XI
1374 4558 1415 4622 V‘
1435 4559 1483 4624 net
1498 4560 1608 4640 potius
1629 4557 1668 4624 X
1673 4557 1715 4624 Vr
1728 4559 1855 4636 enneli,
1877 4559 2038 4623 continent

371 4659 540 4726 secuudum
562 4661 697 4725 indicem
717 4659 773 4740 fot.
789 4665 830 4724 1⁹
846 4663 1059 4743 perscriptum
1080 4661 1225 4727 Euelidis
1248 4663 1483 4728 elementorum
1506 4661 1580 4728 libri
1602 4683 1675 4745 sex,
1698 4661 1834 4728 Boetius
1857 4661 1899 4726 de
1922 4661 2035 4726 Arith-

371 4766 509 4850 metioe‚
535 4763 687 4829 Praetice
710 4764 959 4850 Arithmetices,
987 4765 1158 4831 Treotetus
1185 4767 1227 4832 de
1252 4767 1406 4852 sphaere,
1432 4764 1817 4848 Praenestinorum,
1846 4762 2036 4829 Celenderis

373 4866 562 4945 elucideti03
574 4867 847 4952 folia139-142,
862 4867 1017 4935 dimidiae
1028 4870 1128 4954 iqitur
1139 4871 1314 4951 quaternio,
1329 4873 1508 4936 monstrant
1517 4869 1628 4934 varias
1639 4869 1812 4934 notationes
1822 4867 2037 4933 arithmeticas

373 4971 488 5036 lunen
498 4969 733 5036 Beneventanis
742 4971 921 5055 adsuiptas
931 4973 1031 5054 (vetut
1041 4971 1073 5057 f.
1085 4974 1148 5037 139
1159 4974 1317 5059 incipiunt
1326 4994 1455 5039 menses
1466 4973 1663 5038 hebreorum
1675 4993 1705 5037 e.
1715 4971 1784 5037 ΧΠ
1796 4971 1862 5037 kel.
1873 4970 2037 5057 Aprilium

372 5072 475 5139 Nisen
496 5077 588 5156 eqo),
615 5073 964 5159 secanturfot.141'
991 5075 1114 5144 Versus
1145 5077 1247 5142 Marci
1282 5083 1381 5163 poete
1415 5076 1457 5142 de
1487 5082 1597 5141 saneto
1627 5075 1823 5159 Benedieto‚
1859 5073 1899 5139 ab
1930 5074 2037 5139 cadem

372 5197 472 5243 nunu
487 5179 623 5260 antiqua
638 5177 786 5260 deserenti
801 5199 883 5262 quae
898 5185 973 5263 post
982 5183 1094 5264 pinxit
1107 5181 1328 5247 Dracontion,
1371 5184 1444 5266 post
1459 5179 1568 5246 Marci
1583 5197 1693 5245 versus
1708 5179 1857 5262 tequntur
1875 5177 1937 5263 fot.
1957 5183 2037 5247 142⁸

372 5282 488 5346 imum
510 5282 602 5346 caria
624 5281 662 5348 de
684 5287 855 5364 temporum
877 5287 1115 5367 computatione.
1155 5285 1242 5371 folia
1264 5285 1453 5364 143-150,
1475 5285 1607 5350 ultimus
1631 5281 1708 5348 uon·
1728 5284 1904 5364 quaternio,
1923 5291 2036 5366 prima

478 5489 503 5559 1)
522 5489 604 5544 neira
621 5488 723 5544 codini
740 5504 842 5544 morer
864 5505 898 5544 ee
915 5489 944 5544 B
957 5493 983 5543 et
999 5485 1073 5559 Eieq.
1086 5489 1223 5558 cannanei
1243 5505 1273 5557 p.
1295 5488 1413 5544 XXVI.
1444 5487 1577 5544 XXVII.
1672 5487 1701 5558 2)
1720 5501 1788 5557 qnae
1816 5486 1849 5541 in
1877 5487 1907 5542 Y
1924 5488 2036 5545 uerae

373 5575 453 5646 urta,
480 5583 629 5632 cernentur
645 5577 678 5630 in
698 5577 762 5646 BA,
789 5577 824 5643 es.
843 5592 871 5644 p.
891 5574 1022 5630 XXVH
1034 5580 1093 5631 not.
1111 5582 1134 5630 o.
1239 5575 1267 5643 3)
1284 5577 1382 5632 menda
1404 5575 1486 5631 ternu
1508 5575 1571 5630 uon
1591 5574 1711 5643 conquei
1732 5589 1764 5642 p.
1783 5571 1912 5628 XXVII
1930 5580 1988 5630 not.
2009 5585 2036 5632 4.

374 5664 401 5732 4)
418 5661 479 5719 nee
495 5663 596 5719 none
613 5663 831 5734 mantes
843 5679 874 5732 p.
887 5667 942 5718 see
953 5677 1007 5732 qq.
