4538 6398
946 370 1101 428 EVGENII
1120 370 1306 428 ronuranl
1325 367 1489 426 EPISCOPI

789 573 874 640 quae
897 551 1036 617 mundus
1060 558 1149 618 totus
1172 573 1231 638 per
1254 556 1357 616 totum
1381 549 1526 615 continet
1548 549 1621 614 iste.

786 659 841 744 qui
865 658 975 743 posuit
997 658 1085 722 celso
1109 657 1254 722 lucentia
1278 654 1387 720 sidera
1409 655 1502 720 caclo

719 777 751 832 15
787 768 821 826 et
842 761 946 826 roseis
969 766 1073 826 totum
1097 761 1256 826 coloravit
1278 759 1412 824 floribus
1435 758 1558 840 orbem,

786 864 946 930 sideribus
969 866 1069 930 variis
1092 885 1246 952 superum
1270 863 1421 950 depinxit
1444 863 1621 949 olympum,

786 970 976 1035 muneribus
1001 970 1103 1034 sacris
1127 968 1282 1034 mundum
1306 967 1421 1032 ditavit
1445 973 1480 1031 et
1501 967 1615 1041 imum;

785 1074 840 1160 qui
864 1074 1027 1140 concessit
1050 1074 1143 1160 aquis
1167 1071 1315 1159 geminos
1337 1070 1519 1158 producere
1541 1070 1667 1135 fructus

787 1185 820 1242 et
843 1177 974 1243 diversa
996 1177 1078 1242 locis
1101 1176 1238 1242 dirersis
1262 1195 1383 1262 ponere
1408 1175 1527 1254 sanxit,

718 1299 754 1356 20
789 1282 914 1347 scilicet
937 1282 1073 1348 altilium
1099 1301 1227 1346 sursum
1249 1280 1448 1366 laticumque
1470 1278 1634 1360 deorsum,

786 1393 822 1452 ut
846 1385 939 1472 plebs
962 1385 1129 1473 pinnivola
1155 1385 1239 1450 caeli
1263 1390 1456 1450 concrescat
1476 1383 1510 1448 in
1533 1383 1620 1448 suris

787 1496 822 1556 ot
845 1510 1019 1575 squamosa
1042 1489 1103 1553 soli
1126 1487 1234 1553 fluidis
1258 1494 1450 1553 concrescat
1472 1487 1505 1552 in
1528 1487 1640 1552 undis:
1706 1511 1707 1514 ¹

788 1594 845 1659 illa
867 1593 933 1680 poli
957 1593 1100 1658 volitans
1124 1593 1229 1657 siccas
1254 1593 1500 1658 transverberet
1523 1612 1629 1672 suras,

787 1699 851 1762 ista
872 1698 971 1762 maris
995 1696 1124 1762 bibulas
1148 1702 1267 1762 natans
1290 1703 1490 1761 transcurrat
1512 1715 1640 1760 arenas.

717 1819 751 1873 25
787 1802 878 1867 cuius
901 1799 943 1866 sd
966 1801 1138 1888 imperium
1161 1801 1297 1864 rutilans
1321 1798 1533 1886 adlampadat
1554 1799 1651 1884 ignis,

788 1911 821 1970 et
843 1905 999 1970 tremulas
1023 1905 1156 1968 mittunt
1178 1904 1292 1969 timida
1314 1904 1459 1969 tonitrua
1482 1923 1590 1984 voces,

787 2007 909 2073 nebula
931 2007 1117 2073 discurrens
1141 2014 1294 2095 properat
1317 2007 1507 2094 dispergere
1531 2006 1670 2087 nimbos,

787 2111 956 2198 grandinis
980 2117 1017 2176 ut
1038 2111 1160 2176 fractos
1183 2113 1305 2176 iaculct
1328 2111 1368 2176 de
1392 2118 1507 2176 ventre
1529 2111 1675 2198 lapillos3

787 2236 880 2280 arcus
902 2216 935 2280 in
960 2216 1092 2281 excelso
1117 2223 1247 2282 servato
1271 2214 1405 2282 loedere
1429 2215 1535 2296 durat,

718 2336 753 2393 30
789 2343 830 2386 nc
855 2320 1074 2407 cataclysmus
1097 2340 1203 2406 aquae
1226 2325 1386 2386 terrarum
1409 2321 1557 2406 germina
1580 2317 1706 2406 perdat,

788 2423 894 2490 tendit
918 2433 951 2490 et
973 2425 1130 2510 igniferos
1153 2424 1267 2490 mundi
1290 2447 1349 2512 per
1372 2425 1513 2510 compita
1536 2424 1642 2490 crines

788 2529 837 2593 sol
861 2529 995 2594 nimium
1019 2529 1146 2611 rutilus,
1170 2529 1386 2616 pulcerrimus
1410 2534 1508 2615 atque
1532 2549 1698 2610 coruscus,

787 2634 923 2719 impleat
945 2641 981 2698 ut
1005 2639 1110 2698 totum
1133 2634 1263 2720 proprio
1287 2632 1327 2697 de
1350 2633 1473 2698 lumine
1496 2631 1662 2698 mundum.

787 2737 882 2824 plura
905 2735 982 2822 quid
1007 2742 1216 2801 enumerem?
1242 2734 1373 2800 Christo
1398 2757 1514 2822 parere
1537 2737 1664 2822 potenti

718 2857 752 2911 35
789 2841 898 2906 omnis
920 2839 1088 2922 festinant,
1112 2861 1196 2926 quae
1218 2860 1304 2905 nunc
1328 2861 1387 2926 per
1410 2839 1541 2904 saecula
1562 2839 1692 2907 durant.

946 3053 1044 3127 XXI.
1085 3051 1147 3124 DE
1173 3050 1547 3129 SACERDOTIBVS.

791 3187 842 3252 Τιι
865 3187 966 3252 decus
990 3187 1163 3268 ecclesiae,
1188 3187 1290 3250 virtus
1313 3193 1347 3251 et
1368 3187 1473 3272 gloria
1496 3187 1600 3273 regni,

832 3313 962 3377 semper
984 3313 1059 3356 ama
1081 3290 1259 3372 dominum,
1283 3297 1315 3354 te
1340 3292 1417 3376 quia
1439 3313 1570 3377 semper
1592 3299 1691 3358 amat.

787 3398 943 3484 praecipe
966 3397 1143 3482 praecipuo
1167 3397 1321 3482 primunr:
1346 3403 1519 3462 conservet
1542 3403 1575 3461 et
1598 3405 1692 3462 ornet

832 3501 904 3566 iura
927 3501 1103 3566 sacerdotii
1126 3501 1324 3587 pontificalis
1348 3501 1462 3568 honor.

951 3693 1067 3768 XXII.
1110 3693 1171 3767 DE
1199 3693 1542 3770 PONTlFlClBVS.

790 3827 869 3915 lpse
891 3829 982 3914 prior
1004 3828 1140 3893 nitidam
1162 3826 1261 3895 duest
1285 3829 1355 3894 sine
1379 3830 1514 3894 crimine
1536 3829 1649 3911 vitam,

831 3940 868 3997 ut
890 3934 932 3997 sit
955 3933 1120 3998 commissi
1142 3932 1314 4018 splendida
1337 3933 1441 3998 lorma
1463 3935 1584 4020 gregis.

789 4036 967 4102 formosum
992 4043 1026 4102 et
1048 4037 1150 4102 nitido
1172 4037 1342 4123 perfusum
1365 4059 1495 4124 semper
1517 4039 1604 4104 olivo

833 4141 962 4206 culmen
986 4141 1201 4228 apostolicum
1224 4139 1323 4205 debet
1346 4141 1469 4208 babere
1492 4149 1600 4229 caput.

735 4261 754 4314 ,5
790 4243 986 4309 ambrosium
1009 4246 1137 4332 populis
1159 4245 1294 4332 praesul
1318 4246 1497 4332 conflagret
1520 4245 1663 4330 odorem,

831 4350 901 4414 eius
925 4355 961 4413 ut
984 4349 1136 4436 exemplo
1160 4350 1268 4415 contio
1292 4349 1384 4414 salva
1406 4350 1474 4416 fiat.

787 4458 823 4516 tu
846 4451 947 4518 decus
970 4454 1148 4539 egregium,
1172 4453 1274 4517 virtus
1299 4461 1332 4518 et
1354 4455 1457 4540 gloria
1479 4454 1584 4540 regni,

831 4577 962 4644 semper
985 4577 1058 4622 ama
1081 4557 1258 4640 dominum,
1282 4562 1315 4622 te
1338 4559 1415 4643 quia
1438 4579 1567 4644 semper
1590 4565 1687 4624 emat.

496 4730 528 4784 19
541 4733 613 4783 locus
626 4732 660 4780 M
724 4731 894 4784 diverssedd.
954 4705 997 4782 Ι21
1012 4732 1257 4798 pinnivolsPer‘per,
1269 4733 1405 4800 pinnibula
1418 4733 1449 4783 M
1513 4749 1589 4784 sures
1601 4751 1668 4784 corr.
1681 4734 1710 4785 ia
1721 4735 1798 4786 ·isM
1862 4735 1898 4789 22
1909 4756 2055 4805 squamosa

391 4819 439 4870 sali
453 4836 505 4885 epo,
524 4818 746 4884 squamosalosum
760 4817 860 4870 Medd.
929 4815 964 4868 23
982 4819 1082 4869 siccans
1101 4819 1134 4868 Μ
1203 4817 1237 4871 24
1255 4826 1415 4872 transcurrat
1427 4837 1481 4886 eqo,
1498 4822 1651 4872 transcurrit
1669 4821 1768 4875 Medd.
1838 4821 1873 4876 26
1891 4827 1982 4879 timida
1995 4845 2052 4895 eqo,

390 4907 494 4958 timidas
512 4906 546 4954 Μ
559 4906 619 4960 cdd.
706 4905 742 4959 30
758 4925 807 4960 nso
824 4908 988 4960 cataclismus
1008 4909 1042 4957 M

495 4999 592 5068 [Xxl]
640 5011 704 5068 puto
721 5001 745 5055 3.
764 4987 860 5055 solim
873 5004 1046 5070 praecessisse
1058 5005 1200 5070 prioribus,
1220 5009 1255 5074 cs.
1268 5010 1307 5072 22,
1321 5010 1344 5058 9.
1363 5009 1404 5067 23,
1418 5011 1441 5059 9.
1459 5011 1529 5068 24‚9

496 5093 609 5164 [xxti]
646 5099 685 5150 De
704 5100 850 5166 panticibus
869 5099 903 5149 M
923 5097 993 5164 (teste
1010 5099 1113 5166 Iberos)
1208 5099 1364 5154 3Form0so
1382 5111 1405 5153 ct
1424 5104 1526 5170 perfuso
1545 5103 1578 5152 M
1592 5103 1660 5168 eda,
1684 5105 1786 5156 corrasi
1872 5105 2000 5160 (iconcio
2022 5110 2059 5160 M

496 5249 528 5304 31
552 5249 889 5320 Tbcodstlticama.28,19
906 5252 1005 5322 (PMA
1024 5253 1042 5307 1
1053 5271 1080 5322 p.
1095 5255 1157 5323 494)
1175 5271 1225 5324 per
1244 5253 1369 5324 compita
1386 5255 1482 5310 mundi

496 5355 593 5424 [XXl]
630 5356 646 5410 2
664 5356 748 5410 Amet.
764 5364 835 5424 24,6
856 5357 964 5411 amanti
988 5358 1072 5412 redde
1091 5357 1189 5422 sicem,
1211 5359 1279 5428 quia
1302 5376 1411 5430 semper
1428 5363 1506 5414 amat
1525 5359 1574 5430 qui
1595 5377 1705 5431 sompes
1722 5364 1840 5416 amatur.
1879 5368 2056 5436 78,1mens‚

390 5448 440 5503 ubi
458 5451 569 5514 amaris,
588 5467 652 5505 ama
2059 5467 2060 5470 ’

497 5556 608 5626 [Xllll]
647 5557 804 5614 Isinda.
819 5575 842 5614 s.
860 5557 964 5613 crimen
1054 5559 1346 5616 tarraconam.
1368 5567 1501 5628 8,3,141
1524 5561 1633 5616 culmen
1655 5559 1841 5631 apostolicam
1936 5562 2056 5635 7me.

391 5651 458 5705 Aca.
475 5659 496 5718 7,
508 5658 560 5707 473
577 5652 651 5707 hunc
671 5652 755 5708 decus
774 5654 919 5725 egregium
938 5653 1043 5710 formae
1061 5657 1156 5710 moret
