4538 6398
817 658 1305 756 FRAGMENTA.

886 947 1237 1023 TESTIMONIA.

338 1097 517 1184 Ildeplrons.
541 1097 579 1162 dc
599 1097 657 1160 cir.
678 1094 725 1162 ill.
743 1095 800 1159 11:
834 1092 877 1182 [6]
900 1095 1068 1180 Errqcuius
1090 1099 1220 1185 scripsit
1247 1098 1292 1164 de
1316 1105 1454 1164 sancta
1483 1098 1662 1164 trinitate
1685 1101 1832 1166 libellum
1856 1109 1890 1169 at

236 1205 368 1293 eloquio
390 1201 529 1268 nitidum
552 1205 586 1266 et
608 1201 655 1265 rei
670 1201 807 1266 veritate
823 1201 1030 1286 perspicuum
1048 1201 1176 1288 (presp-
1194 1201 1260 1268 cod.
1281 1200 1381 1288 Oua),
1405 1203 1460 1290 qui
1475 1201 1663 1289 Libyaeque
1681 1203 1890 1292 Orientisque

235 1311 297 1393 (sic
322 1307 388 1390 fere
421 1305 510 1391 cas.)
544 1305 692 1392 partibus
720 1304 806 1368 mitti
833 1304 1027 1388 quantocius
1061 1311 1204 1392 poterat,
1235 1306 1298 1370 nisi
1323 1307 1477 1393 procellis
1512 1307 1703 1372 resultantia
1727 1309 1815 1375 irata
1839 1311 1890 1374 in·

205 1419 362 1480 scortum
385 1409 512 1498 pavidis
535 1409 598 1474 iter
619 1408 798 1473 viatoribus
815 1407 1029 1474 distulissent.
1066 1405 1111 1496 [7]
1149 1410 1279 1496 scripsit
1303 1415 1337 1474 et
1359 1409 1441 1476 duos
1457 1410 1597 1492 libellos,
1621 1433 1721 1478 unum
1744 1413 1891 1478 diversi

235 1516 416 1583 carminis
446 1519 579 1592 metro,
613 1511 711 1576 aliurn
745 1510 902 1576 diversi
936 1512 1069 1599 operis
1103 1533 1223 1599 prosa
1251 1518 1438 1594 concretos,
1473 1515 1528 1600 qui
1563 1514 1606 1579 ad
1636 1517 1811 1581 multorum
1841 1518 1890 1583 in-

235 1621 395 1686 dustriam
419 1617 488 1684 eius
512 1637 555 1681 ex
578 1614 639 1680 hoo
663 1615 821 1680 tenaciter
843 1622 990 1680 sanctam
1014 1616 1188 1682 voluerunt
1211 1616 1442 1684 commendare
1466 1619 1664 1684 memoriam.

339 1793 377 1857 de
397 1791 514 1856 missa
535 1787 743 1874 Hippolyti
763 1809 790 1852 o.
813 1808 915 1870 supro
933 1809 968 1869 p.
983 1790 1096 1872 287,3
1116 1794 1180 1855 not.

339 1894 481 1962 Broulio
503 1893 592 1974 epist.
615 1891 660 1956 ad
680 1891 863 1958 Frouim.3
884 1892 1011 1976 (Mipoa
1033 1895 1085 1972 80,
1102 1893 1203 1976 702l’)
1231 1893 1272 1960 de
1300 1893 1416 1960 eadem
1445 1915 1574 1981 quoque
1598 1896 1819 1964 sollemnitate
1841 1898 1894 1981 (iu

194 2003 385 2069 inhonorem
417 1997 451 2066 S.
473 1995 704 2078 Aemiliani)
739 2002 775 2061 ut
809 1997 926 2062 missa
958 1998 1152 2064 recitaretur
1185 1999 1364 2064 eommunis
1399 1999 1526 2065 iniunxi
1560 1999 1680 2067 dilecto
1715 2002 1783 2066 lilio
1817 2022 1890 2068 meo

237 2106 388 2194 Eugenio
411 2103 547 2168 diacono
557 2099 593 2189 ¹).

885 2505 1247 2583 FRAGMENTA.

341 2662 496 2727 incertum
517 2658 574 2723 ott
595 2656 697 2724 loorrm
718 2656 887 2722 inuocat
907 2656 1088 2741 fragmenta
1110 2658 1202 2723 loco:

342 2765 463 2834 Iulian.
496 2763 771 2846 Toletproguost.
794 2765 889 2840 3,17
915 2761 1048 2846 (Patres
1077 2762 1173 2830 Tolet.
1197 2763 1243 2829 od.
1266 2761 1455 2828 Lorenaortu
1476 2762 1522 2828 Il
1540 2782 1576 2843 p.
1600 2761 1657 2842 54)
1692 2769 1728 2828 ut
1763 2769 1893 2830 cetoros

196 2893 221 2934 ra
242 2880 385 2952 taceam,
414 2868 539 2955 egregii
562 2867 782 2954 praeceptoris
809 2868 910 2931 nostri
938 2866 1094 2953 Euganii,
1130 2866 1311 2932 Toletanao
1335 2866 1423 2932 sedis
1446 2867 1615 2948 antistitis,
1644 2867 1789 2933 breviter
1811 2868 1894 2935 haee

238 2977 340 3043 verba
371 2980 535 3040 retexam:
571 2969 854 3037 ‘resurrectionem
884 2977 995 3036 autem
1024 2971 1131 3037 carnis
1159 2972 1330 3037 verissime
1360 2971 1566 3052 confitemur,
1600 2992 1666 3037 non
1694 2977 1730 3036 ut
1763 2972 1894 3058 quidam

239 3081 393 3160 delirant,
423 3077 517 3143 utin
548 3076 638 3142 aeria
660 3076 711 3140 vel
742 3074 887 3161 qualibet
919 3075 984 3139 alio
1008 3096 1106 3141 carue
1129 3095 1356 3161 resurgamus,
1390 3075 1447 3140 sed
1475 3075 1593 3140 inhao
1617 3096 1830 3161 quesumus,
1862 3078 1895 3141 iu

240 3185 302 3250 hac
325 3204 390 3268 qua
412 3181 509 3247 etiam
532 3201 591 3266 pro
614 3185 704 3245 recte
733 3178 827 3243 lactis
856 3198 1010 3244 eoronam
1040 3187 1097 3244 aut
1127 3201 1184 3266 pro
1215 3180 1300 3245 male
1327 3180 1430 3265 gestis
1459 3180 1684 3265 unusquisque
1717 3181 1897 3247 merebitur

241 3288 388 3375 recipere
413 3283 574 3374 poenam'.

198 3411 224 3452 ro
344 3389 421 3456 out.
437 3391 524 3468 3,24
539 3409 576 3470 p.
593 3387 636 3451 58
659 3387 737 3467 erit,
760 3392 796 3451 ut
823 3393 1019 3474 praeceptor
1041 3379 1153 3454 noster
1176 3409 1270 3453 sacer
1292 3387 1462 3473 Eugenius
1488 3385 1599 3466 docet,
1634 3392 1726 3452 tanta
1755 3408 1794 3452 ao
1822 3386 1897 3452 talis

242 3493 415 3582 glorificati
444 3492 587 3579 corporis
613 3489 837 3578 pulchritudo,
870 3496 906 3554 ut
940 3491 1084 3557 oblectet
1116 3491 1269 3557 intuitum
1304 3498 1337 3556 ct
1373 3511 1430 3556 eor
1457 3491 1645 3555 nullatenus
1676 3491 1822 3556 inflectat
1856 3489 1896 3555 ad

243 3599 367 3665 vitium.

345 3700 421 3768 ibid.
442 3703 473 3779 3,
491 3703 535 3766 26
554 3721 591 3781 p.
615 3700 657 3763 59
685 3700 896 3787 plurimorum
934 3699 1103 3766 doctorum
1133 3699 1268 3764 evidens
1302 3697 1464 3781 definitio,
1500 3698 1593 3762 iuxta
1626 3696 1713 3784 quod
1746 3703 1779 3762 et
1810 3696 1898 3761 clara

243 3805 464 3895 praeceptoria
492 3803 594 3869 nostri
622 3802 764 3890 Eugenii
799 3805 965 3870 sententia
994 3810 1215 3900 copteatatur,
1250 3804 1312 3868 hoo
1344 3804 1477 3868 astruit:
1512 3801 1600 3888 quod
1629 3803 1662 3866 in
1696 3801 1753 3866 illa
1789 3801 1899 3866 lutura

200 3931 225 3972 aa
243 3911 348 3997 gloria
374 3908 638 3991 resurrectionis,
673 3909 729 3973 ubi
762 3908 853 3973 nulla
886 3908 1075 3995 corporibus
1108 3909 1229 3973 sanctis
1259 3906 1464 3986 deformitas,
1499 3905 1590 3970 nulla
1619 3924 1747 3991 quoque
1777 3904 1897 3969 doloris

244 4022 301 4080 aut
327 4013 448 4079 laboris
470 4011 533 4077 erit
562 4009 760 4094 adversitas,
788 4031 854 4076 non
882 4012 923 4076 sit
945 4030 1075 4097 quoque
1102 4011 1280 4097 tegminum
1315 4009 1521 4076 necessarius
1551 4029 1640 4091 usus,
1679 4007 1796 4094 quibus
1836 4008 1897 4073 erit

244 4117 352 4183 omnia
374 4117 463 4182 etin
486 4114 636 4181 omnibus
660 4115 811 4181 Christus
834 4113 1077 4200 (Paul.00locs.
1094 4115 1208 4195 3,11).

346 4342 378 4396 17
396 4358 450 4412 qua
467 4360 557 4396 sumna
574 4350 600 4396 et
617 4344 744 4406 vivimus,
763 4343 790 4394 in
808 4358 861 4408 qua
878 4343 955 4396 etiam
972 4350 1019 4395 aui
1037 4359 1082 4410 pro
1099 4358 1148 4408 cqc.
1162 4340 1238 4394 editio
1258 4339 1378 4394 Ooclrloci
1396 4337 1467 4407 Lapa
1480 4341 1544 4391 1636
1640 4335 1673 4390 21
1691 4337 1828 4406 glorificati
1847 4353 1898 4389 our.

244 4433 284 4485 cd.
296 4431 425 4484 Duocam
442 4430 526 4484 Bootis·
543 4429 644 4496 Epooia
662 4435 723 4484 1564

351 4639 372 4706 ¹)
390 4636 532 4716 lyranus
549 4634 671 4705 Ecrgmr'i
688 4633 763 4689 tertii
783 4631 904 4688 Toletani
921 4631 1109 4702 armiepiawps·
1126 4631 1158 4686 iu
1175 4629 1283 4686 lacedem
1300 4629 1487 4686 &Aemiliani
1511 4628 1554 4700 (iu
1571 4625 1656 4684 codice
1673 4625 1790 4682 meam
1807 4625 1899 4696 depcr-

244 4739 301 4798 duo
320 4741 406 4810 fauce
423 4741 528 4808 dieitur,
551 4741 665 4809 uBaar,
691 4737 1010 4806 Hoadsrlrrifteuaultdtzc
1028 4737 1163 4808 Spaniam
1181 4754 1211 4805 p.
1225 4735 1288 4806 434)
1310 4735 1408 4803 sabulo
1431 4739 1477 4790 eat.
1519 4737 1557 4788 est
1577 4732 1647 4786 euim
1669 4730 1830 4786 Rauliom's
1853 4729 1898 4800 (of.

246 4847 341 4916 Micca
358 4851 400 4914 80,
415 4845 502 4916 702⁸),
524 4843 612 4899 aditus
628 4845 722 4915 Magne
738 4851 782 4913 80,
798 4849 843 4899 713
859 4850 885 4900 ct
902 4849 1033 4913 86,1242,
1057 4841 1149 4896 melius
1169 4839 1207 4894 cd
1222 4839 1323 4896 codices
1347 4839 1472 4908 oruiquos
1489 4835 1653 4907 vulgatium
1670 4833 1899 4907 Blumc-Drccas,

246 4951 320 5007 caol.
333 4950 421 5022 hymn.
436 4950 500 5005 XX
506 4949 565 5006 VII
571 4965 600 5019 p.
614 4956 673 5005 126.
703 4965 777 5004 error
793 4947 858 5004 iada
875 4955 959 5005 παίω
977 4946 1048 5018 quod
1064 4962 1160 5002 monor
1177 4951 1234 5000 arat
1252 4945 1301 5015 gui
1320 4944 1426 5014 sempsit
1444 4942 1565 5014 Euporia·
1582 4941 1712 4997 carminis
1730 4949 1767 4997 11.
