4568 6396
679 423 701 479 1.
731 423 779 479 DE
796 421 1032 478 Mssossvms
1050 421 1180 479 comes
1198 421 1517 492 EDITIONIBVSQVE.
1887 421 1932 479 111

270 597 364 664 aerbo
379 597 490 680 prima
511 596 548 662 im
565 615 601 682 p.
616 596 683 662 257
705 598 732 662 si
750 596 803 663 hie
823 596 952 664 litterae
970 595 1176 664 excusandae
1192 603 1276 681 sunt,
1299 617 1379 679 quoe
1397 597 1539 680 sequitur
1559 597 1746 680 subscriptio
1767 597 1933 667 ExPlIeIt

270 700 501 785 PrAeFoTiO,
523 700 668 767 claudere
689 700 772 767 illud
791 701 896 782 ipsum
918 702 1100 784 opusculum
1115 719 1217 785 proso
1237 701 1378 768 oratione
1399 703 1550 784 scriptum
1570 701 1654 785 quod
1674 703 1789 786 lepitur
1809 705 1846 769 im
1866 705 1931 788 fine

272 804 490 888 quatermiomis
511 803 623 870 VIII‘.
667 803 742 870 iride
763 808 851 870 ortus
871 807 917 870 est
939 803 993 870 elle
1015 824 1106 871 error
1127 805 1183 887 qui
1204 803 1369 870 cetitiomm
1389 803 1615 870 nitidissimam
1636 805 1931 893 (a.1824)focda·

271 909 325 988 oit,
347 907 385 973 id
402 907 472 975 dico
493 907 576 991 quod
598 907 672 976 baio
692 908 757 991 ipsi
782 909 930 991 opusmclo
951 910 1100 991 prosaico
1120 909 1264 976 Niebubr
1285 909 1448 991 inscripsit
1468 909 1657 995 panegyrici
1679 909 1851 994 praefatio.
1896 917 1932 976 ot
2051 903 2057 917 '

268 1010 487 1096 praefationis
499 1011 687 1096 pameppriei
695 1011 811 1094 poetici
824 1030 890 1078 mom
904 1011 1052 1078 hammus
1065 1012 1132 1078 misi
1145 1013 1240 1079 uerba
1253 1013 1313 1079 illo
1329 1014 1356 1078 si
1370 1012 1423 1078 hic
1438 1011 1568 1078 litterae
1585 1011 1790 1078 excusandae
1806 1015 1929 1102 aunt¹);

270 1113 332 1178 too
358 1113 473 1180 ullium
499 1115 718 1197 quatermiomis
739 1113 841 1181 VIII‘
864 1113 950 1200 folio
972 1135 1053 1198 quoe
1079 1116 1238 1182 oontimemt
1257 1115 1444 1203 frapmeolo
1465 1135 1566 1198 proso
1593 1117 1734 1183 oratioue
1764 1118 1932 1200 composita

270 1221 346 1282 sumt
365 1216 453 1282 alius
467 1219 618 1299 optumati,
640 1216 722 1302 quod
741 1219 933 1285 resociare
948 1220 1178 1306 pampyrieum
1194 1220 1379 1301 prosarium
1393 1238 1545 1298 coeamus,
1568 1239 1638 1285 cum
1652 1223 1682 1285 et
1693 1239 1793 1304 pomus
1807 1219 1932 1286 diomidi

271 1323 300 1385 et
321 1321 398 1386 ordo
418 1319 558 1408 rerum’)
580 1327 688 1402 aperte
703 1341 786 1403 proc
807 1340 839 1386 se
856 1319 970 1406 ferant
986 1323 1196 1404 proprietates
1218 1323 1371 1389 orationis
1392 1321 1580 1408 epidicticae.

377 1421 453 1490 baec
474 1424 573 1508 ipitm
586 1423 759 1490 Niebubrii
779 1425 886 1510 opimio
901 1423 1053 1512 persalse
1073 1430 1152 1494 erat.
1196 1431 1267 1492 utro
1281 1430 1385 1492 mmmm
1399 1427 1455 1493 ille
1470 1427 1552 1493 alter
1565 1427 1731 1509 quemme
1744 1427 1932 1511 relepomclm

273 1527 324 1605 sit,
346 1531 422 1592 oute
442 1547 488 1593 am
507 1530 579 1610 post
598 1525 739 1607 rme»,
762 1547 803 1594 me
824 1547 879 1611 epo
899 1529 1024 1612 quidem
1038 1549 1101 1611 pro
1122 1533 1205 1596 certo
1227 1533 1414 1612 compertum
1435 1529 1540 1596 liabeo.
1584 1528 1654 1594 ideo
1674 1529 1791 1612 reliqui
1810 1530 1848 1594 im
1868 1529 1933 1596 eoli-

275 1629 358 1698 tioms
379 1629 521 1696 ordimem
541 1631 608 1695 iom
630 1635 763 1713 tempore
784 1635 938 1699 sanetum.
991 1651 1184 1714 quamquam
1209 1651 1274 1697 mom
1295 1631 1486 1698 reticendam
1507 1631 1585 1697 duco
1605 1651 1706 1697 meam
1727 1631 1765 1697 de
1785 1633 1933 1702 umioemo

272 1751 397 1815 corpore
424 1735 612 1816 scriptorum
640 1733 847 1802 Merobaudis
875 1735 1070 1800 senteutiam.
1125 1736 1154 1800 si
1180 1755 1248 1801 cum
1275 1755 1353 1801 cura
1381 1735 1557 1818 inspexeris
1583 1734 1661 1802 boec
1688 1735 1932 1819 quotmmouum

271 5213 302 5275 ct
322 5215 419 5278 mmm
434 5213 631 5295 reputaveris
651 5233 709 5279 uos
729 5214 875 5279 notitiam
897 5213 1009 5280 babere
1031 5215 1183 5281 carminis
1198 5215 1388 5300 paueypriei
1409 5215 1445 5279 im
1465 5215 1605 5297 primum
1625 5217 1714 5283 Aelii
1735 5219 1930 5284 consulatum

270 5311 396 5396 foetum
418 5319 461 5398 (o.
472 5335 509 5399 p.
524 5317 593 5400 20),
614 5315 726 5382 labem
748 5317 821 5382 item
842 5335 968 5383 corucem
975 5337 1116 5399 paruum
1137 5317 1175 5384 de
1193 5316 1326 5398 Uteristo,
1348 5337 1414 5385 mom
1428 5319 1632 5402 improbabile
1646 5319 1801 5387 uidebitur
1816 5321 1932 5388 librum

375 5537 401 5606 l)
418 5552 484 5592 cero
500 5537 556 5592 iam
575 5535 603 5592 0.
621 5536 672 5593 m.
686 5536 847 5593 Heinrich
864 5537 970 5594 docebat
987 5539 1018 5592 im
1030 5539 1260 5608 praelectionibus
1279 5539 1482 5610 smmum
1505 5547 1531 5597 st
1547 5541 1605 5612 ipse
1622 5541 1744 5599 Niebubr
1765 5543 1796 5598 im
1814 5542 1930 5602 editione

265 5622 360 5690 priore
377 5621 416 5691 (ἃ
431 5621 508 5678 Galli
524 5625 601 5694 1823)
617 5623 788 5693 imeripserat
805 5623 941 5681 orationis
959 5625 994 5681 de
1012 5625 1146 5683 laudibus
1164 5625 1241 5684 Aecii
1259 5626 1374 5698 patricii
1392 5627 1580 5699 fragmentum
1599 5627 1620 5684 Ι.
1708 5628 1736 5700 2)
1749 5629 1785 5698 cs.
1798 5629 1847 5687 lib.
1861 5629 1930 5701 Leo,

269 5705 315 5763 die
331 5707 511 5781 primm-rom
530 5709 695 5780 Bioproptu'e
709 5726 738 5780 p.
751 5716 805 5766 227.

1687 5819 1722 5876 a&
