<?xml version="1.0" encoding="UTF-8"?>
<!DOCTYPE html PUBLIC "-//W3C//DTD XHTML 1.0 Transitional//EN"
    "http://www.w3.org/TR/xhtml1/DTD/xhtml1-transitional.dtd">
<html xmlns="http://www.w3.org/1999/xhtml" xml:lang="en" lang="en">
 <head>
  <title>
</title>
<meta http-equiv="Content-Type" content="text/html;charset=utf-8" />
  <meta name='ocr-system' content='tesseract 3.04.00' />
  <meta name='ocr-capabilities' content='ocr_page ocr_carea ocr_par ocr_line ocrx_word'/>
</head>
<body>
  <div class='ocr_page' id='page_1' title='image "./monumentagerman05unkngoog/monumentagerman05unkngoog_0187.png"; bbox 0 0 4554 6396; ppageno 0'>
   <div class='ocr_carea' id='block_1_1' title="bbox 983 365 1468 427">
    <p class='ocr_par' dir='ltr' id='par_1_1' title="bbox 983 365 1468 427">
     <span class='ocr_line' id='line_1_1' title="bbox 983 365 1468 427; baseline -0.006 -1"><span class='ocrx_word' id='word_1_1' title='bbox 983 369 1187 427; x_wconf 83' lang='lat' dir='ltr'><strong>DRACONTII</strong></span> <span class='ocrx_word' id='word_1_2' title='bbox 1223 365 1468 424; x_wconf 77' lang='lat' dir='ltr'>SATISFACTIO</span> 
     </span>
    </p>
   </div>
   <div class='ocr_carea' id='block_1_2' title="bbox 721 545 1772 3036">
    <p class='ocr_par' dir='ltr' id='par_1_2' title="bbox 721 545 1772 3036">
     <span class='ocr_line' id='line_1_2' title="bbox 791 545 1642 631; baseline -0.008 -16"><span class='ocrx_word' id='word_1_3' title='bbox 791 549 955 615; x_wconf 80' lang='lat' dir='ltr'>alternant</span> <span class='ocrx_word' id='word_1_4' title='bbox 978 547 1143 613; x_wconf 81' lang='lat' dir='ltr'>elementa</span> <span class='ocrx_word' id='word_1_5' title='bbox 1165 545 1254 611; x_wconf 84' lang='lat' dir='ltr'>vices</span> <span class='ocrx_word' id='word_1_6' title='bbox 1277 550 1310 610; x_wconf 83' lang='lat' dir='ltr'>et</span> <span class='ocrx_word' id='word_1_7' title='bbox 1332 551 1482 631; x_wconf 87' lang='lat' dir='ltr'>tempora</span> <span class='ocrx_word' id='word_1_8' title='bbox 1504 548 1642 626; x_wconf 80' lang='lat' dir='ltr'>mutant,</span> 
     </span>
     <span class='ocr_line' id='line_1_3' title="bbox 833 647 1664 738; baseline -0.007 -20"><span class='ocrx_word' id='word_1_9' title='bbox 833 659 962 738; x_wconf 85' lang='lat' dir='ltr'>tempus</span> <span class='ocrx_word' id='word_1_10' title='bbox 986 650 1110 716; x_wconf 82' lang='lat' dir='ltr'>hubent</span> <span class='ocrx_word' id='word_1_11' title='bbox 1132 655 1256 730; x_wconf 80' lang='lat' dir='ltr'>noctes,</span> <span class='ocrx_word' id='word_1_12' title='bbox 1278 654 1408 735; x_wconf 84' lang='lat' dir='ltr'>tempus</span> <span class='ocrx_word' id='word_1_13' title='bbox 1432 654 1466 714; x_wconf 84' lang='lat' dir='ltr'>et</span> <span class='ocrx_word' id='word_1_14' title='bbox 1490 648 1562 735; x_wconf 89' lang='lat' dir='ltr'>ipse</span> <span class='ocrx_word' id='word_1_15' title='bbox 1585 647 1664 714; x_wconf 86' lang='lat' dir='ltr'>dies.</span> 
     </span>
     <span class='ocr_line' id='line_1_4' title="bbox 790 753 1628 844; baseline -0.007 -20"><span class='ocrx_word' id='word_1_16' title='bbox 790 756 955 844; x_wconf 79' lang='lat' dir='ltr'>accipiunt</span> <span class='ocrx_word' id='word_1_17' title='bbox 977 759 1155 841; x_wconf 84' lang='lat' dir='ltr'>augmenta</span> <span class='ocrx_word' id='word_1_18' title='bbox 1177 753 1248 820; x_wconf 90' lang='lat' dir='ltr'>dies</span> <span class='ocrx_word' id='word_1_19' title='bbox 1271 759 1450 839; x_wconf 82' lang='lat' dir='ltr'>noctesque</span> <span class='ocrx_word' id='word_1_20' title='bbox 1473 753 1628 837; x_wconf 83' lang='lat' dir='ltr'>uicissim,</span> 
     </span>
     <span class='ocr_line' id='line_1_5' title="bbox 721 857 1480 946; baseline -0.008 -18"><span class='ocrx_word' id='word_1_21' title='bbox 721 880 773 938; x_wconf 82' lang='lat'>250</span> <span class='ocrx_word' id='word_1_22' title='bbox 833 861 987 928; x_wconf 82' lang='lat' dir='ltr'>amittunt</span> <span class='ocrx_word' id='word_1_23' title='bbox 1009 879 1124 924; x_wconf 90' lang='lat' dir='ltr'>cursus</span> <span class='ocrx_word' id='word_1_24' title='bbox 1146 863 1283 946; x_wconf 83' lang='lat' dir='ltr'>perpete</span> <span class='ocrx_word' id='word_1_25' title='bbox 1306 859 1381 945; x_wconf 86' lang='lat' dir='ltr'>iege</span> <span class='ocrx_word' id='word_1_26' title='bbox 1403 857 1480 944; x_wconf 89' lang='lat' dir='ltr'>poli.</span> 
     </span>
     <span class='ocr_line' id='line_1_6' title="bbox 790 961 1731 1053; baseline -0.004 -22"><span class='ocrx_word' id='word_1_27' title='bbox 790 971 939 1053; x_wconf 82' lang='lat' dir='ltr'>tempora</span> <span class='ocrx_word' id='word_1_28' title='bbox 961 969 1038 1030; x_wconf 83' lang='lat' dir='ltr'>sunt</span> <span class='ocrx_word' id='word_1_29' title='bbox 1059 964 1185 1046; x_wconf 89' lang='lat' dir='ltr'>florum,</span> <span class='ocrx_word' id='word_1_30' title='bbox 1209 963 1328 1028; x_wconf 82' lang='lat' dir='ltr'>retinet</span> <span class='ocrx_word' id='word_1_31' title='bbox 1351 982 1411 1028; x_wconf 88' lang='lat' dir='ltr'>sua</span> <span class='ocrx_word' id='word_1_32' title='bbox 1433 968 1583 1048; x_wconf 86' lang='lat' dir='ltr'>tempora</span> <span class='ocrx_word' id='word_1_33' title='bbox 1603 961 1731 1042; x_wconf 86' lang='lat' dir='ltr'>messis,</span> 
     </span>
     <span class='ocr_line' id='line_1_7' title="bbox 833 1065 1687 1156; baseline -0.006 -21"><span class='ocrx_word' id='word_1_34' title='bbox 833 1077 963 1156; x_wconf 82' lang='lat' dir='ltr'>tempus</span> <span class='ocrx_word' id='word_1_35' title='bbox 988 1073 1022 1134; x_wconf 83' lang='lat' dir='ltr'>et</span> <span class='ocrx_word' id='word_1_36' title='bbox 1043 1073 1244 1147; x_wconf 80' lang='lat' dir='ltr'><strong>autumnum,</strong></span> <span class='ocrx_word' id='word_1_37' title='bbox 1266 1071 1396 1154; x_wconf 86' lang='lat' dir='ltr'>tempus</span> <span class='ocrx_word' id='word_1_38' title='bbox 1420 1066 1521 1132; x_wconf 78' lang='lat' dir='ltr'>habet</span> <span class='ocrx_word' id='word_1_39' title='bbox 1545 1065 1687 1132; x_wconf 79' lang='lat' dir='ltr'>hiemes:</span> 
     </span>
     <span class='ocr_line' id='line_1_8' title="bbox 791 1170 1772 1257; baseline -0.006 -15"><span class='ocrx_word' id='word_1_40' title='bbox 791 1196 849 1242; x_wconf 83' lang='lat' dir='ltr'>ver</span> <span class='ocrx_word' id='word_1_41' title='bbox 872 1181 980 1241; x_wconf 83' lang='lat' dir='ltr'>aestas</span> <span class='ocrx_word' id='word_1_42' title='bbox 1004 1177 1180 1239; x_wconf 80' lang='lat' dir='ltr'>autumnus</span> <span class='ocrx_word' id='word_1_43' title='bbox 1203 1172 1307 1238; x_wconf 88' lang='lat' dir='ltr'>hiems</span> <span class='ocrx_word' id='word_1_44' title='bbox 1330 1171 1431 1256; x_wconf 84' lang='lat' dir='ltr'>(redit</span> <span class='ocrx_word' id='word_1_45' title='bbox 1453 1191 1557 1236; x_wconf 88' lang='lat' dir='ltr'>annus</span> <span class='ocrx_word' id='word_1_46' title='bbox 1581 1170 1616 1236; x_wconf 91' lang='lat' dir='ltr'>in</span> <span class='ocrx_word' id='word_1_47' title='bbox 1638 1171 1772 1257; x_wconf 91' lang='lat' dir='ltr'>annum)</span> 
     </span>
     <span class='ocr_line' id='line_1_9' title="bbox 834 1275 1581 1365; baseline -0.003 -21"><span class='ocrx_word' id='word_1_48' title='bbox 834 1285 987 1365; x_wconf 82' lang='lat' dir='ltr'>quattuor</span> <span class='ocrx_word' id='word_1_49' title='bbox 1009 1279 1174 1344; x_wconf 79' lang='lat' dir='ltr'>alternent</span> <span class='ocrx_word' id='word_1_50' title='bbox 1195 1283 1346 1364; x_wconf 81' lang='lat' dir='ltr'>tempora</span> <span class='ocrx_word' id='word_1_51' title='bbox 1368 1275 1581 1362; x_wconf 81' lang='lat' dir='ltr'><strong>temporibus.</strong></span> 
     </span>
     <span class='ocr_line' id='line_1_10' title="bbox 721 1380 1713 1464; baseline -0.004 -13"><span class='ocrx_word' id='word_1_52' title='bbox 721 1403 773 1459; x_wconf 82' lang='lat'>255</span> <span class='ocrx_word' id='word_1_53' title='bbox 791 1385 900 1452; x_wconf 87' lang='lat' dir='ltr'>omnia</span> <span class='ocrx_word' id='word_1_54' title='bbox 923 1403 997 1448; x_wconf 91' lang='lat' dir='ltr'>cum</span> <span class='ocrx_word' id='word_1_55' title='bbox 1019 1381 1164 1464; x_wconf 78' lang='lat' dir='ltr'>redeant,</span> <span class='ocrx_word' id='word_1_56' title='bbox 1187 1381 1311 1447; x_wconf 91' lang='lat' dir='ltr'>homini</span> <span class='ocrx_word' id='word_1_57' title='bbox 1334 1401 1394 1446; x_wconf 90' lang='lat' dir='ltr'>sua</span> <span class='ocrx_word' id='word_1_58' title='bbox 1415 1401 1479 1447; x_wconf 91' lang='lat' dir='ltr'>non</span> <span class='ocrx_word' id='word_1_59' title='bbox 1503 1380 1587 1447; x_wconf 81' lang='lat' dir='ltr'>redit</span> <span class='ocrx_word' id='word_1_60' title='bbox 1610 1386 1713 1464; x_wconf 80' lang='lat' dir='ltr'>aetas,</span> 
     </span>
     <span class='ocr_line' id='line_1_11' title="bbox 835 1485 1562 1572; baseline -0.006 -17"><span class='ocrx_word' id='word_1_61' title='bbox 835 1489 894 1555; x_wconf 89' lang='lat' dir='ltr'>sed</span> <span class='ocrx_word' id='word_1_62' title='bbox 918 1488 1009 1554; x_wconf 81' lang='lat' dir='ltr'>uelut</span> <span class='ocrx_word' id='word_1_63' title='bbox 1031 1488 1118 1554; x_wconf 87' lang='lat' dir='ltr'>acris</span> <span class='ocrx_word' id='word_1_64' title='bbox 1142 1487 1212 1552; x_wconf 85' lang='lat' dir='ltr'>auis</span> <span class='ocrx_word' id='word_1_65' title='bbox 1235 1487 1282 1552; x_wconf 89' lang='lat' dir='ltr'>sic</span> <span class='ocrx_word' id='word_1_66' title='bbox 1304 1485 1443 1572; x_wconf 81' lang='lat' dir='ltr'>fugitiva</span> <span class='ocrx_word' id='word_1_67' title='bbox 1466 1487 1562 1551; x_wconf 82' lang='lat' dir='ltr'>volat.</span> 
     </span>
     <span class='ocr_line' id='line_1_12' title="bbox 791 1589 1676 1679; baseline -0.002 -21"><span class='ocrx_word' id='word_1_68' title='bbox 791 1600 948 1679; x_wconf 82' lang='lat' dir='ltr'>tempora</span> <span class='ocrx_word' id='word_1_69' title='bbox 971 1597 1046 1658; x_wconf 85' lang='lat' dir='ltr'>sunt</span> <span class='ocrx_word' id='word_1_70' title='bbox 1069 1591 1159 1677; x_wconf 89' lang='lat' dir='ltr'>pacis</span> <span class='ocrx_word' id='word_1_71' title='bbox 1183 1592 1235 1657; x_wconf 82' lang='lat' dir='ltr'>uel</span> <span class='ocrx_word' id='word_1_72' title='bbox 1258 1597 1407 1678; x_wconf 82' lang='lat' dir='ltr'>tempora</span> <span class='ocrx_word' id='word_1_73' title='bbox 1430 1595 1521 1656; x_wconf 81' lang='lat' dir='ltr'>certa</span> <span class='ocrx_word' id='word_1_74' title='bbox 1543 1589 1676 1672; x_wconf 88' lang='lat' dir='ltr'>cruoris,</span> 
     </span>
     <span class='ocr_line' id='line_1_13' title="bbox 835 1694 1554 1783; baseline -0.003 -20"><span class='ocrx_word' id='word_1_75' title='bbox 835 1699 902 1763; x_wconf 79' lang='lat' dir='ltr'>otia</span> <span class='ocrx_word' id='word_1_76' title='bbox 925 1703 1054 1783; x_wconf 84' lang='lat' dir='ltr'>tempus</span> <span class='ocrx_word' id='word_1_77' title='bbox 1078 1695 1202 1761; x_wconf 81' lang='lat' dir='ltr'>habent</span> <span class='ocrx_word' id='word_1_78' title='bbox 1223 1695 1427 1780; x_wconf 83' lang='lat' dir='ltr'>militiaeque</span> <span class='ocrx_word' id='word_1_79' title='bbox 1450 1694 1554 1761; x_wconf 85' lang='lat' dir='ltr'>labor.</span> 
     </span>
     <span class='ocr_line' id='line_1_14' title="bbox 791 1797 1682 1889; baseline -0.002 -23"><span class='ocrx_word' id='word_1_80' title='bbox 791 1807 938 1889; x_wconf 87' lang='lat' dir='ltr'>tempora</span> <span class='ocrx_word' id='word_1_81' title='bbox 961 1798 1134 1887; x_wconf 84' lang='lat' dir='ltr'>gaudendi,</span> <span class='ocrx_word' id='word_1_82' title='bbox 1158 1805 1235 1865; x_wconf 84' lang='lat' dir='ltr'>sunt</span> <span class='ocrx_word' id='word_1_83' title='bbox 1257 1805 1407 1886; x_wconf 87' lang='lat' dir='ltr'>tempora</span> <span class='ocrx_word' id='word_1_84' title='bbox 1430 1805 1520 1864; x_wconf 81' lang='lat' dir='ltr'>certa</span> <span class='ocrx_word' id='word_1_85' title='bbox 1543 1797 1682 1882; x_wconf 91' lang='lat' dir='ltr'>dolendi,</span> 
     </span>
     <span class='ocr_line' id='line_1_15' title="bbox 721 1902 1691 1992; baseline 0.001 -22"><span class='ocrx_word' id='word_1_86' title='bbox 721 1923 773 1982; x_wconf 80' lang='lat'>260</span> <span class='ocrx_word' id='word_1_87' title='bbox 835 1913 980 1992; x_wconf 83' lang='lat' dir='ltr'>tempora</span> <span class='ocrx_word' id='word_1_88' title='bbox 1002 1905 1081 1970; x_wconf 79' lang='lat' dir='ltr'>dani</span> <span class='ocrx_word' id='word_1_89' title='bbox 1102 1904 1238 1985; x_wconf 87' lang='lat' dir='ltr'>lucrum,</span> <span class='ocrx_word' id='word_1_90' title='bbox 1261 1909 1408 1991; x_wconf 84' lang='lat' dir='ltr'>tempora</span> <span class='ocrx_word' id='word_1_91' title='bbox 1430 1902 1550 1970; x_wconf 89' lang='lat' dir='ltr'>damna</span> <span class='ocrx_word' id='word_1_92' title='bbox 1573 1904 1691 1971; x_wconf 84' lang='lat' dir='ltr'>ierunt.</span> 
     </span>
     <span class='ocr_line' id='line_1_16' title="bbox 790 2007 1731 2096; baseline -0.003 -20"><span class='ocrx_word' id='word_1_93' title='bbox 790 2010 903 2076; x_wconf 89' lang='lat' dir='ltr'>nubila</span> <span class='ocrx_word' id='word_1_94' title='bbox 925 2015 1055 2096; x_wconf 82' lang='lat' dir='ltr'>tempus</span> <span class='ocrx_word' id='word_1_95' title='bbox 1079 2007 1203 2074; x_wconf 84' lang='lat' dir='ltr'>habent</span> <span class='ocrx_word' id='word_1_96' title='bbox 1225 2013 1259 2074; x_wconf 79' lang='grc'>51</span> <span class='ocrx_word' id='word_1_97' title='bbox 1281 2013 1431 2095; x_wconf 84' lang='lat' dir='ltr'>tempora</span> <span class='ocrx_word' id='word_1_98' title='bbox 1455 2013 1545 2073; x_wconf 84' lang='lat' dir='ltr'>certa</span> <span class='ocrx_word' id='word_1_99' title='bbox 1568 2029 1731 2092; x_wconf 82' lang='lat' dir='ltr'>aerenum,</span> 
     </span>
     <span class='ocr_line' id='line_1_17' title="bbox 834 2110 1523 2201; baseline -0.006 -21"><span class='ocrx_word' id='word_1_100' title='bbox 834 2120 981 2201; x_wconf 81' lang='lat' dir='ltr'>tempora</span> <span class='ocrx_word' id='word_1_101' title='bbox 1004 2133 1137 2179; x_wconf 80' lang='lat' dir='ltr'>seruare</span> <span class='ocrx_word' id='word_1_102' title='bbox 1161 2111 1255 2177; x_wconf 83' lang='lat' dir='ltr'>iussit</span> <span class='ocrx_word' id='word_1_103' title='bbox 1279 2111 1405 2198; x_wconf 83' lang='lat' dir='ltr'>etipse</span> <span class='ocrx_word' id='word_1_104' title='bbox 1430 2110 1523 2178; x_wconf 86' lang='lat' dir='ltr'>deus.</span> 
     </span>
     <span class='ocr_line' id='line_1_18' title="bbox 791 2214 1600 2305; baseline -0.002 -21"><span class='ocrx_word' id='word_1_105' title='bbox 791 2218 903 2284; x_wconf 84' lang='lat' dir='ltr'>horum</span> <span class='ocrx_word' id='word_1_106' title='bbox 927 2217 1089 2305; x_wconf 85' lang='lat' dir='ltr'>quaesivit</span> <span class='ocrx_word' id='word_1_107' title='bbox 1112 2215 1237 2283; x_wconf 84' lang='lat' dir='ltr'>iaciens</span> <span class='ocrx_word' id='word_1_108' title='bbox 1260 2215 1419 2281; x_wconf 88' lang='lat' dir='ltr'>miracula</span> <span class='ocrx_word' id='word_1_109' title='bbox 1441 2214 1600 2298; x_wconf 75' lang='lat' dir='ltr'>chuntur,</span> 
     </span>
     <span class='ocr_line' id='line_1_19' title="bbox 834 2321 1518 2408; baseline -0.001 -21"><span class='ocrx_word' id='word_1_110' title='bbox 834 2322 946 2388; x_wconf 88' lang='lat' dir='ltr'>horam</span> <span class='ocrx_word' id='word_1_111' title='bbox 970 2321 1114 2408; x_wconf 84' lang='lat' dir='ltr'>speravit</span> <span class='ocrx_word' id='word_1_112' title='bbox 1135 2321 1244 2408; x_wconf 85' lang='lat' dir='ltr'>passio</span> <span class='ocrx_word' id='word_1_113' title='bbox 1267 2327 1381 2386; x_wconf 84' lang='lat' dir='ltr'>sancta</span> <span class='ocrx_word' id='word_1_114' title='bbox 1403 2321 1518 2386; x_wconf 90' lang='lat' dir='ltr'>crucis.</span> 
     </span>
     <span class='ocr_line' id='line_1_20' title="bbox 722 2422 1506 2512; baseline -0.001 -20"><span class='ocrx_word' id='word_1_115' title='bbox 722 2445 774 2502; x_wconf 81' lang='lat'>265</span> <span class='ocrx_word' id='word_1_116' title='bbox 793 2433 829 2492; x_wconf 86' lang='lat' dir='ltr'>ut</span> <span class='ocrx_word' id='word_1_117' title='bbox 851 2427 895 2491; x_wconf 92' lang='lat' dir='ltr'>mi</span> <span class='ocrx_word' id='word_1_118' title='bbox 918 2425 1080 2510; x_wconf 76' lang='lat' dir='ltr'>irascaris,</span> <span class='ocrx_word' id='word_1_119' title='bbox 1105 2425 1158 2512; x_wconf 91' lang='lat' dir='ltr'>qui</span> <span class='ocrx_word' id='word_1_120' title='bbox 1182 2425 1242 2490; x_wconf 91' lang='lat' dir='ltr'>sim</span> <span class='ocrx_word' id='word_1_121' title='bbox 1265 2422 1286 2502; x_wconf 90' lang='lat'>†</span> <span class='ocrx_word' id='word_1_122' title='bbox 1308 2425 1436 2511; x_wconf 85' lang='lat' dir='ltr'>dignior</span> <span class='ocrx_word' id='word_1_123' title='bbox 1457 2426 1506 2491; x_wconf 89' lang='lat' dir='ltr'>ira</span> 
     </span>
     <span class='ocr_line' id='line_1_21' title="bbox 834 2528 1491 2617; baseline -0.003 -21"><span class='ocrx_word' id='word_1_124' title='bbox 834 2537 901 2596; x_wconf 82' lang='lat' dir='ltr'>tam</span> <span class='ocrx_word' id='word_1_125' title='bbox 924 2531 1034 2617; x_wconf 87' lang='lat' dir='ltr'>magni</span> <span class='ocrx_word' id='word_1_126' title='bbox 1058 2529 1145 2615; x_wconf 85' lang='lat' dir='ltr'>regis</span> <span class='ocrx_word' id='word_1_127' title='bbox 1168 2528 1293 2594; x_wconf 87' lang='lat' dir='ltr'>iudicer</span> <span class='ocrx_word' id='word_1_128' title='bbox 1316 2549 1390 2596; x_wconf 87' lang='lat' dir='ltr'>esse</span> <span class='ocrx_word' id='word_1_129' title='bbox 1413 2535 1491 2594; x_wconf 81' lang='lat' dir='ltr'>tuai</span> 
     </span>
     <span class='ocr_line' id='line_1_22' title="bbox 794 2633 1665 2724; baseline 0 -22"><span class='ocrx_word' id='word_1_130' title='bbox 794 2635 924 2724; x_wconf 87' lang='lat' dir='ltr'>quando</span> <span class='ocrx_word' id='word_1_131' title='bbox 947 2656 1008 2722; x_wconf 87' lang='lat' dir='ltr'>per</span> <span class='ocrx_word' id='word_1_132' title='bbox 1029 2634 1194 2700; x_wconf 81' lang='lat' dir='ltr'>aetherias</span> <span class='ocrx_word' id='word_1_133' title='bbox 1217 2633 1327 2721; x_wconf 86' lang='lat' dir='ltr'>aquila</span> <span class='ocrx_word' id='word_1_134' title='bbox 1350 2633 1506 2701; x_wconf 80' lang='lat' dir='ltr'>volitante</span> <span class='ocrx_word' id='word_1_135' title='bbox 1529 2635 1665 2723; x_wconf 88' lang='lat' dir='ltr'>rapinas</span> 
     </span>
     <span class='ocr_line' id='line_1_23' title="bbox 833 2737 1660 2829; baseline -0.002 -23"><span class='ocrx_word' id='word_1_136' title='bbox 833 2740 958 2829; x_wconf 87' lang='lat' dir='ltr'>praeda</span> <span class='ocrx_word' id='word_1_137' title='bbox 980 2739 1138 2826; x_wconf 75' lang='lat' dir='ltr'>cibusque</span> <span class='ocrx_word' id='word_1_138' title='bbox 1161 2737 1224 2804; x_wconf 78' lang='lat' dir='ltr'>fuit</span> <span class='ocrx_word' id='word_1_139' title='bbox 1245 2758 1361 2825; x_wconf 88' lang='lat' dir='ltr'>passer</span> <span class='ocrx_word' id='word_1_140' title='bbox 1382 2737 1521 2805; x_wconf 90' lang='lat' dir='ltr'>hirundo</span> <span class='ocrx_word' id='word_1_141' title='bbox 1544 2739 1660 2826; x_wconf 81' lang='lat' dir='ltr'>picus?</span> 
     </span>
     <span class='ocr_line' id='line_1_24' title="bbox 792 2841 1606 2933; baseline -0.001 -22"><span class='ocrx_word' id='word_1_142' title='bbox 792 2844 921 2933; x_wconf 88' lang='lat' dir='ltr'>quando</span> <span class='ocrx_word' id='word_1_143' title='bbox 944 2843 1049 2911; x_wconf 83' lang='lat' dir='ltr'>fames</span> <span class='ocrx_word' id='word_1_144' title='bbox 1073 2841 1177 2909; x_wconf 88' lang='lat' dir='ltr'>rabidi</span> <span class='ocrx_word' id='word_1_145' title='bbox 1200 2843 1347 2929; x_wconf 79' lang='lat' dir='ltr'>quamuis</span> <span class='ocrx_word' id='word_1_146' title='bbox 1368 2842 1479 2908; x_wconf 90' lang='lat' dir='ltr'>ieiuna</span> <span class='ocrx_word' id='word_1_147' title='bbox 1500 2843 1606 2910; x_wconf 87' lang='lat' dir='ltr'>leonis</span> 
     </span>
     <span class='ocr_line' id='line_1_25' title="bbox 722 2945 1539 3036; baseline -0.005 -20"><span class='ocrx_word' id='word_1_148' title='bbox 722 2967 774 3024; x_wconf 80' lang='lat'>270</span> <span class='ocrx_word' id='word_1_149' title='bbox 835 2955 871 3015; x_wconf 84' lang='lat' dir='ltr'>ut</span> <span class='ocrx_word' id='word_1_150' title='bbox 894 2949 936 3016; x_wconf 87' lang='lat' dir='ltr'>sit</span> <span class='ocrx_word' id='word_1_151' title='bbox 959 2947 1127 3036; x_wconf 81' lang='lat' dir='ltr'>adoptarit</span> <span class='ocrx_word' id='word_1_152' title='bbox 1148 2945 1299 3013; x_wconf 78' lang='lat' dir='ltr'>saucibus</span> <span class='ocrx_word' id='word_1_153' title='bbox 1323 2967 1400 3014; x_wconf 81' lang='lat' dir='ltr'>esca</span> <span class='ocrx_word' id='word_1_154' title='bbox 1422 2948 1539 3034; x_wconf 81' lang='lat' dir='ltr'>lepus?</span> 
     </span>
    </p>
   </div>
   <div class='ocr_carea' id='block_1_3' title="bbox 394 3235 2049 3481">
    <p class='ocr_par' dir='ltr' id='par_1_3' title="bbox 394 3235 2049 3481">
     <span class='ocr_line' id='line_1_26' title="bbox 499 3235 2049 3306; baseline -0.003 -12"><span class='ocrx_word' id='word_1_155' title='bbox 499 3241 549 3295; x_wconf 87' lang='grc'>251</span> <span class='ocrx_word' id='word_1_156' title='bbox 564 3243 676 3296; x_wconf 80' lang='lat' dir='ltr'>retinent</span> <span class='ocrx_word' id='word_1_157' title='bbox 687 3259 708 3295; x_wconf 88' lang='lat' dir='ltr'>s.</span> <span class='ocrx_word' id='word_1_158' title='bbox 720 3250 739 3296; x_wconf 84' lang='lat' dir='ltr'>t.</span> <span class='ocrx_word' id='word_1_159' title='bbox 751 3258 847 3294; x_wconf 85' lang='lat' dir='ltr'>messes</span> <span class='ocrx_word' id='word_1_160' title='bbox 861 3239 1014 3292; x_wconf 64' lang='lat' dir='ltr'>Columbaria·</span> <span class='ocrx_word' id='word_1_161' title='bbox 1025 3239 1081 3293; x_wconf 83' lang='lat' dir='ltr'>cod.</span> <span class='ocrx_word' id='word_1_162' title='bbox 1098 3240 1198 3293; x_wconf 74' lang='lat' dir='ltr'>Monac.</span> <span class='ocrx_word' id='word_1_163' title='bbox 1213 3242 1294 3292; x_wconf 85' lang='grc'><strong>11208</strong></span> <span class='ocrx_word' id='word_1_164' title='bbox 1362 3236 1414 3292; x_wconf 92' lang='grc'>252</span> <span class='ocrx_word' id='word_1_165' title='bbox 1426 3239 1461 3306; x_wconf 82' lang='lat' dir='ltr'>cf.</span> <span class='ocrx_word' id='word_1_166' title='bbox 1473 3235 1538 3304; x_wconf 82' lang='grc'><strong>260;</strong></span> <span class='ocrx_word' id='word_1_167' title='bbox 1550 3245 1700 3304; x_wconf 85' lang='lat' dir='ltr'>autumnus,</span> <span class='ocrx_word' id='word_1_168' title='bbox 1713 3246 1815 3306; x_wconf 82' lang='lat' dir='ltr'>tempus</span> <span class='ocrx_word' id='word_1_169' title='bbox 1826 3239 1923 3291; x_wconf 81' lang='lat' dir='ltr'>habent</span> <span class='ocrx_word' id='word_1_170' title='bbox 1935 3237 2049 3290; x_wconf 80' lang='lat' dir='ltr'>Arcaclc</span> 
     </span>
     <span class='ocr_line' id='line_1_27' title="bbox 394 3325 2049 3398; baseline -0.004 -15"><span class='ocrx_word' id='word_1_171' title='bbox 394 3331 591 3398; x_wconf 72' lang='grc'><strong>1551555555515</strong></span> <span class='ocrx_word' id='word_1_172' title='bbox 667 3325 719 3382; x_wconf 88' lang='grc'>255</span> <span class='ocrx_word' id='word_1_173' title='bbox 736 3329 845 3382; x_wconf 75' lang='lat' dir='ltr'>redeunt</span> <span class='ocrx_word' id='word_1_174' title='bbox 860 3327 1034 3380; x_wconf 78' lang='lat' dir='ltr'>Ociumdaaaa</span> <span class='ocrx_word' id='word_1_175' title='bbox 1102 3327 1214 3380; x_wconf 86' lang='lat' dir='ltr'>hominis</span> <span class='ocrx_word' id='word_1_176' title='bbox 1231 3343 1284 3378; x_wconf 84' lang='lat' dir='ltr'>una</span> <span class='ocrx_word' id='word_1_177' title='bbox 1300 3325 1347 3388; x_wconf 66' lang='lat'>1¹¹,</span> <span class='ocrx_word' id='word_1_178' title='bbox 1365 3343 1432 3379; x_wconf 80' lang='lat' dir='ltr'>eurr.</span> <span class='ocrx_word' id='word_1_179' title='bbox 1444 3326 1473 3377; x_wconf 80' lang='lat' dir='ltr'>ia</span> <span class='ocrx_word' id='word_1_180' title='bbox 1489 3327 1547 3378; x_wconf 87' lang='lat' dir='ltr'>-uis</span> <span class='ocrx_word' id='word_1_181' title='bbox 1565 3343 1614 3378; x_wconf 84' lang='lat' dir='ltr'>sua</span> <span class='ocrx_word' id='word_1_182' title='bbox 1629 3325 1676 3392; x_wconf 73' lang='lat'>1⁷¹,</span> <span class='ocrx_word' id='word_1_183' title='bbox 1694 3327 1792 3378; x_wconf 90' lang='lat' dir='ltr'>homini</span> <span class='ocrx_word' id='word_1_184' title='bbox 1809 3342 1858 3378; x_wconf 87' lang='lat' dir='ltr'>sua</span> <span class='ocrx_word' id='word_1_185' title='bbox 1875 3325 2049 3377; x_wconf 81' lang='lat' dir='ltr'>Ociumbanaa</span> 
     </span>
     <span class='ocr_line' id='line_1_28' title="bbox 429 3411 2046 3481; baseline -0.002 -13"><span class='ocrx_word' id='word_1_186' title='bbox 429 3415 481 3470; x_wconf 86' lang='grc'>262</span> <span class='ocrx_word' id='word_1_187' title='bbox 498 3417 598 3470; x_wconf 83' lang='lat' dir='ltr'>seruari</span> <span class='ocrx_word' id='word_1_188' title='bbox 615 3417 729 3470; x_wconf 72' lang='lat' dir='ltr'>Arcadio</span> <span class='ocrx_word' id='word_1_189' title='bbox 815 3413 867 3468; x_wconf 85' lang='grc'>264</span> <span class='ocrx_word' id='word_1_190' title='bbox 885 3433 918 3466; x_wconf 84' lang='lat' dir='ltr'>au</span> <span class='ocrx_word' id='word_1_191' title='bbox 938 3413 1069 3468; x_wconf 72' lang='lat' dir='ltr'>servavit?</span> <span class='ocrx_word' id='word_1_192' title='bbox 1146 3411 1198 3466; x_wconf 90' lang='grc'>265</span> <span class='ocrx_word' id='word_1_193' title='bbox 1216 3415 1251 3465; x_wconf 76' lang='lat' dir='ltr'>Ut</span> <span class='ocrx_word' id='word_1_194' title='bbox 1268 3413 1331 3465; x_wconf 91' lang='lat' dir='ltr'>mihi</span> <span class='ocrx_word' id='word_1_195' title='bbox 1346 3411 1372 3463; x_wconf 84' lang='lat' dir='ltr'><strong><em>V</em></strong></span> <span class='ocrx_word' id='word_1_196' title='bbox 1436 3412 1482 3479; x_wconf 88' lang='lat' dir='ltr'>qui</span> <span class='ocrx_word' id='word_1_197' title='bbox 1499 3413 1547 3464; x_wconf 88' lang='lat' dir='ltr'>sim</span> <span class='ocrx_word' id='word_1_198' title='bbox 1566 3413 1666 3481; x_wconf 77' lang='lat' dir='ltr'>dignior</span> <span class='ocrx_word' id='word_1_199' title='bbox 1682 3411 1715 3474; x_wconf 81' lang='lat' dir='ltr'>V,·</span> <span class='ocrx_word' id='word_1_200' title='bbox 1732 3414 1777 3480; x_wconf 86' lang='lat' dir='ltr'>qui</span> <span class='ocrx_word' id='word_1_201' title='bbox 1795 3414 1853 3476; x_wconf 81' lang='lat' dir='ltr'>sim,</span> <span class='ocrx_word' id='word_1_202' title='bbox 1871 3413 1893 3465; x_wconf 90' lang='lat' dir='ltr'>si</span> <span class='ocrx_word' id='word_1_203' title='bbox 1911 3411 2046 3478; x_wconf 72' lang='lat' dir='ltr'>Bdcdeicr,</span> 
     </span>
    </p>
   </div>
   <div class='ocr_carea' id='block_1_4' title="bbox 394 3503 694 3570">
    <p class='ocr_par' dir='ltr' id='par_1_4' title="bbox 394 3503 694 3570">
     <span class='ocr_line' id='line_1_29' title="bbox 394 3503 694 3570; baseline 0.003 -16"><span class='ocrx_word' id='word_1_204' title='bbox 394 3521 431 3555; x_wconf 84' lang='lat' dir='ltr'>aa</span> <span class='ocrx_word' id='word_1_205' title='bbox 448 3504 494 3570; x_wconf 92' lang='lat' dir='ltr'>qui</span> <span class='ocrx_word' id='word_1_206' title='bbox 511 3507 589 3556; x_wconf 80' lang='lat' dir='ltr'>sum?</span> <span class='ocrx_word' id='word_1_207' title='bbox 606 3503 694 3557; x_wconf 74' lang='lat' dir='ltr'>num?</span> 
     </span>
    </p>
   </div>
   <div class='ocr_carea' id='block_1_5' title="bbox 392 3759 2048 5714">
    <p class='ocr_par' dir='ltr' id='par_1_5' title="bbox 392 3759 2048 5714">
     <span class='ocr_line' id='line_1_30' title="bbox 497 3759 2048 3832; baseline -0.001 -14"><span class='ocrx_word' id='word_1_208' title='bbox 497 3763 548 3818; x_wconf 85' lang='grc'>241</span> <span class='ocrx_word' id='word_1_209' title='bbox 566 3761 601 3830; x_wconf 77' lang='lat' dir='ltr'>cf.</span> <span class='ocrx_word' id='word_1_210' title='bbox 616 3759 647 3816; x_wconf 85' lang='lat' dir='ltr'><strong><em>X</em></strong></span> <span class='ocrx_word' id='word_1_211' title='bbox 658 3767 705 3817; x_wconf 83' lang='lat'>132</span> <span class='ocrx_word' id='word_1_212' title='bbox 721 3761 813 3816; x_wconf 79' lang='grc'><strong>51151.</strong></span> <span class='ocrx_word' id='word_1_213' title='bbox 825 3777 846 3818; x_wconf 86' lang='lat' dir='ltr'>c.</span> <span class='ocrx_word' id='word_1_214' title='bbox 859 3778 882 3817; x_wconf 84' lang='grc'>5.</span> <span class='ocrx_word' id='word_1_215' title='bbox 900 3761 970 3817; x_wconf 88' lang='lat' dir='ltr'>rieis</span> <span class='ocrx_word' id='word_1_216' title='bbox 1042 3760 1196 3817; x_wconf 72' lang='lat' dir='ltr'>Columbae.</span> <span class='ocrx_word' id='word_1_217' title='bbox 1210 3761 1284 3830; x_wconf 70' lang='grc'><strong>55151</strong></span> <span class='ocrx_word' id='word_1_218' title='bbox 1297 3760 1336 3816; x_wconf 83' lang='lat' dir='ltr'>cd</span> <span class='ocrx_word' id='word_1_219' title='bbox 1352 3760 1526 3830; x_wconf 72' lang='grc'><strong>6511555151.</strong></span> <span class='ocrx_word' id='word_1_220' title='bbox 1540 3766 1571 3819; x_wconf 80' lang='lat' dir='ltr'>G.</span> <span class='ocrx_word' id='word_1_221' title='bbox 1584 3761 1657 3832; x_wconf 79' lang='lat' dir='ltr'>epist.</span> <span class='ocrx_word' id='word_1_222' title='bbox 1672 3761 1725 3817; x_wconf 89' lang='lat' dir='ltr'>HI</span> <span class='ocrx_word' id='word_1_223' title='bbox 1732 3777 1760 3832; x_wconf 82' lang='lat' dir='ltr'>p.</span> <span class='ocrx_word' id='word_1_224' title='bbox 1773 3763 1833 3832; x_wconf 86' lang='grc'><strong>185)</strong></span> <span class='ocrx_word' id='word_1_225' title='bbox 1844 3761 1886 3817; x_wconf 78' lang='lat' dir='ltr'>iiia</span> <span class='ocrx_word' id='word_1_226' title='bbox 1897 3760 1955 3817; x_wconf 82' lang='lat' dir='ltr'>auia</span> <span class='ocrx_word' id='word_1_227' title='bbox 1967 3759 2048 3816; x_wconf 74' lang='lat' dir='ltr'>uerba</span> 
     </span>
     <span class='ocr_line' id='line_1_31' title="bbox 859 3865 1537 3938; baseline -0.003 -16"><span class='ocrx_word' id='word_1_228' title='bbox 859 3867 892 3923; x_wconf 90' lang='grc'>61</span> <span class='ocrx_word' id='word_1_229' title='bbox 912 3865 1029 3938; x_wconf 85' lang='lat' dir='ltr'>pulchre</span> <span class='ocrx_word' id='word_1_230' title='bbox 1046 3865 1163 3922; x_wconf 81' lang='lat' dir='ltr'>veridici</span> <span class='ocrx_word' id='word_1_231' title='bbox 1181 3865 1284 3922; x_wconf 78' lang='lat' dir='ltr'>cecinit</span> <span class='ocrx_word' id='word_1_232' title='bbox 1304 3884 1356 3922; x_wconf 85' lang='lat' dir='ltr'>vox</span> <span class='ocrx_word' id='word_1_233' title='bbox 1374 3865 1446 3922; x_wconf 82' lang='lat' dir='ltr'>ialia</span> <span class='ocrx_word' id='word_1_234' title='bbox 1463 3865 1537 3922; x_wconf 75' lang='lat' dir='ltr'>ratis</span> 
     </span>
     <span class='ocr_line' id='line_1_32' title="bbox 861 3969 1612 4042; baseline -0.001 -15"><span class='ocrx_word' id='word_1_235' title='bbox 861 3971 895 4027; x_wconf 87' lang='grc'>62</span> <span class='ocrx_word' id='word_1_236' title='bbox 914 3974 1043 4042; x_wconf 82' lang='lat' dir='ltr'>tempora</span> <span class='ocrx_word' id='word_1_237' title='bbox 1060 3969 1238 4026; x_wconf 80' lang='lat' dir='ltr'>dinumerans</span> <span class='ocrx_word' id='word_1_238' title='bbox 1257 3969 1320 4026; x_wconf 89' lang='lat' dir='ltr'>aevi</span> <span class='ocrx_word' id='word_1_239' title='bbox 1339 3969 1470 4040; x_wconf 74' lang='lat' dir='ltr'>vitaeque</span> <span class='ocrx_word' id='word_1_240' title='bbox 1489 3971 1612 4028; x_wconf 79' lang='lat' dir='ltr'>caducae</span> 
     </span>
     <span class='ocr_line' id='line_1_33' title="bbox 393 4067 1345 4144; baseline -0.002 -14"><span class='ocrx_word' id='word_1_241' title='bbox 393 4075 498 4130; x_wconf 74' lang='lat' dir='ltr'>inducit</span> <span class='ocrx_word' id='word_1_242' title='bbox 517 4090 605 4130; x_wconf 75' lang='grc'><strong>555555</strong></span> <span class='ocrx_word' id='word_1_243' title='bbox 623 4067 770 4132; x_wconf 80' lang='lat' dir='ltr'>Draccaiii</span> <span class='ocrx_word' id='word_1_244' title='bbox 786 4076 846 4132; x_wconf 77' lang='lat' dir='ltr'>luca:</span> <span class='ocrx_word' id='word_1_245' title='bbox 864 4080 913 4132; x_wconf 83' lang='grc'><strong>551.</strong></span> <span class='ocrx_word' id='word_1_246' title='bbox 926 4083 980 4132; x_wconf 91' lang='grc'><strong>219.</strong></span> <span class='ocrx_word' id='word_1_247' title='bbox 997 4082 1055 4132; x_wconf 96' lang='grc'><strong>247.</strong></span> <span class='ocrx_word' id='word_1_248' title='bbox 1076 4082 1135 4131; x_wconf 87' lang='grc'><strong>249.</strong></span> <span class='ocrx_word' id='word_1_249' title='bbox 1153 4081 1207 4144; x_wconf 88' lang='grc'><strong>251,</strong></span> <span class='ocrx_word' id='word_1_250' title='bbox 1226 4075 1345 4144; x_wconf 66' lang='lat' dir='ltr'>arcadia</span> 
     </span>
     <span class='ocr_line' id='line_1_34' title="bbox 857 4178 1589 4252; baseline -0.004 -16"><span class='ocrx_word' id='word_1_251' title='bbox 857 4182 891 4236; x_wconf 85' lang='lat'>67</span> <span class='ocrx_word' id='word_1_252' title='bbox 909 4179 949 4236; x_wconf 86' lang='lat' dir='ltr'>sic</span> <span class='ocrx_word' id='word_1_253' title='bbox 966 4179 1068 4236; x_wconf 80' lang='lat' dir='ltr'>iterum</span> <span class='ocrx_word' id='word_1_254' title='bbox 1086 4179 1175 4252; x_wconf 85' lang='lat' dir='ltr'>spisso</span> <span class='ocrx_word' id='word_1_255' title='bbox 1193 4179 1313 4236; x_wconf 79' lang='lat' dir='ltr'>vestitur</span> <span class='ocrx_word' id='word_1_256' title='bbox 1329 4178 1456 4250; x_wconf 84' lang='lat' dir='ltr'>gramine</span> <span class='ocrx_word' id='word_1_257' title='bbox 1475 4197 1589 4250; x_wconf 86' lang='lat' dir='ltr'>campus</span> 
     </span>
     <span class='ocr_line' id='line_1_35' title="bbox 394 4279 2048 4354; baseline -0.002 -18"><span class='ocrx_word' id='word_1_258' title='bbox 394 4297 470 4350; x_wconf 65' lang='lat' dir='ltr'>mecm</span> <span class='ocrx_word' id='word_1_259' title='bbox 494 4280 565 4336; x_wconf 74' lang='lat' dir='ltr'>aride</span> <span class='ocrx_word' id='word_1_260' title='bbox 586 4283 728 4352; x_wconf 72' lang='lat' dir='ltr'>sumpserit</span> <span class='ocrx_word' id='word_1_261' title='bbox 749 4282 872 4338; x_wconf 80' lang='lat' dir='ltr'>umidum</span> <span class='ocrx_word' id='word_1_262' title='bbox 895 4284 992 4354; x_wconf 68' lang='lat' dir='ltr'>aynau</span> <span class='ocrx_word' id='word_1_263' title='bbox 1014 4286 1107 4352; x_wconf 76' lang='lat' dir='ltr'>(puteat</span> <span class='ocrx_word' id='word_1_264' title='bbox 1134 4289 1224 4339; x_wconf 79' lang='lat' dir='ltr'>iumen</span> <span class='ocrx_word' id='word_1_265' title='bbox 1245 4299 1297 4339; x_wconf 78' lang='lat' dir='ltr'>esec</span> <span class='ocrx_word' id='word_1_266' title='bbox 1319 4299 1352 4339; x_wconf 74' lang='lat' dir='ltr'>aa</span> <span class='ocrx_word' id='word_1_267' title='bbox 1374 4283 1519 4337; x_wconf 81' lang='lat' dir='ltr'>Drueuaiii</span> <span class='ocrx_word' id='word_1_268' title='bbox 1540 4283 1706 4354; x_wconf 64' lang='lat' dir='ltr'>deperditis),</span> <span class='ocrx_word' id='word_1_269' title='bbox 1739 4281 1838 4338; x_wconf 70' lang='lat' dir='ltr'>danda</span> <span class='ocrx_word' id='word_1_270' title='bbox 1861 4279 2048 4336; x_wconf 82' lang='lat' dir='ltr'>Dracontiani</span> 
     </span>
     <span class='ocr_line' id='line_1_36' title="bbox 394 4383 2046 4458; baseline 0 -20"><span class='ocrx_word' id='word_1_271' title='bbox 394 4385 492 4440; x_wconf 78' lang='lat' dir='ltr'>iterum</span> <span class='ocrx_word' id='word_1_272' title='bbox 508 4390 559 4441; x_wconf 83' lang='lat' dir='ltr'>aui.</span> <span class='ocrx_word' id='word_1_273' title='bbox 580 4392 635 4442; x_wconf 89' lang='grc'><strong>259.</strong></span> <span class='ocrx_word' id='word_1_274' title='bbox 653 4393 712 4454; x_wconf 89' lang='grc'><strong>220,</strong></span> <span class='ocrx_word' id='word_1_275' title='bbox 730 4386 763 4442; x_wconf 82' lang='lat' dir='ltr'>dc</span> <span class='ocrx_word' id='word_1_276' title='bbox 781 4386 829 4442; x_wconf 84' lang='lat' dir='ltr'>deo</span> <span class='ocrx_word' id='word_1_277' title='bbox 840 4393 864 4455; x_wconf 87' lang='lat'>3,</span> <span class='ocrx_word' id='word_1_278' title='bbox 877 4393 932 4455; x_wconf 87' lang='grc'><strong>539,</strong></span> <span class='ocrx_word' id='word_1_279' title='bbox 949 4393 1068 4444; x_wconf 80' lang='grc'><strong>551252.</strong></span> <span class='ocrx_word' id='word_1_280' title='bbox 1086 4395 1148 4456; x_wconf 87' lang='grc'><strong>255,</strong></span> <span class='ocrx_word' id='word_1_281' title='bbox 1165 4388 1272 4442; x_wconf 75' lang='grc'><strong>15115115</strong></span> <span class='ocrx_word' id='word_1_282' title='bbox 1286 4387 1384 4458; x_wconf 74' lang='lat' dir='ltr'>parmis</span> <span class='ocrx_word' id='word_1_283' title='bbox 1402 4403 1471 4456; x_wconf 79' lang='lat' dir='ltr'>quac</span> <span class='ocrx_word' id='word_1_284' title='bbox 1488 4387 1524 4441; x_wconf 86' lang='lat' dir='ltr'>ad</span> <span class='ocrx_word' id='word_1_285' title='bbox 1541 4387 1661 4457; x_wconf 70' lang='grc'><strong>51595155</strong></span> <span class='ocrx_word' id='word_1_286' title='bbox 1678 4403 1769 4442; x_wconf 70' lang='lat' dir='ltr'>vereris</span> <span class='ocrx_word' id='word_1_287' title='bbox 1786 4391 1865 4442; x_wconf 75' lang='grc'><strong>51551</strong></span> <span class='ocrx_word' id='word_1_288' title='bbox 1877 4383 2046 4440; x_wconf 72' lang='lat' dir='ltr'>adiicienda</span> 
     </span>
     <span class='ocr_line' id='line_1_37' title="bbox 393 4488 2046 4561; baseline 0 -19"><span class='ocrx_word' id='word_1_289' title='bbox 393 4505 425 4542; x_wconf 76' lang='lat' dir='ltr'>aa</span> <span class='ocrx_word' id='word_1_290' title='bbox 445 4488 621 4558; x_wconf 68' lang='lat' dir='ltr'>Columbaria,</span> <span class='ocrx_word' id='word_1_291' title='bbox 645 4489 749 4546; x_wconf 78' lang='grc'><strong>55115515</strong></span> <span class='ocrx_word' id='word_1_292' title='bbox 766 4492 856 4560; x_wconf 63' lang='grc'><strong>15555</strong></span> <span class='ocrx_word' id='word_1_293' title='bbox 877 4509 955 4547; x_wconf 81' lang='lat' dir='ltr'>uersu</span> <span class='ocrx_word' id='word_1_294' title='bbox 974 4508 1007 4548; x_wconf 77' lang='lat' dir='ltr'>cu</span> <span class='ocrx_word' id='word_1_295' title='bbox 1032 4493 1121 4559; x_wconf 82' lang='lat' dir='ltr'>Beda,</span> <span class='ocrx_word' id='word_1_296' title='bbox 1146 4493 1249 4560; x_wconf 77' lang='lat' dir='ltr'>sudam</span> <span class='ocrx_word' id='word_1_297' title='bbox 1274 4498 1311 4547; x_wconf 82' lang='grc'>551</span> <span class='ocrx_word' id='word_1_298' title='bbox 1328 4509 1435 4547; x_wconf 72' lang='lat' dir='ltr'>carmen</span> <span class='ocrx_word' id='word_1_299' title='bbox 1453 4491 1536 4546; x_wconf 75' lang='lat' dir='ltr'>Accu.</span> <span class='ocrx_word' id='word_1_300' title='bbox 1557 4499 1612 4560; x_wconf 91' lang='grc'><strong>575,</strong></span> <span class='ocrx_word' id='word_1_301' title='bbox 1630 4492 1666 4559; x_wconf 77' lang='lat' dir='ltr'>cf.</span> <span class='ocrx_word' id='word_1_302' title='bbox 1679 4491 1830 4561; x_wconf 73' lang='lat' dir='ltr'>Loiumcyer,</span> <span class='ocrx_word' id='word_1_303' title='bbox 1852 4489 1960 4545; x_wconf 74' lang='grc'><strong>50115155</strong></span> <span class='ocrx_word' id='word_1_304' title='bbox 1978 4488 2046 4558; x_wconf 74' lang='lat' dir='ltr'>piriz.</span> 
     </span>
     <span class='ocr_line' id='line_1_38' title="bbox 397 4593 2045 4668; baseline -0.002 -21"><span class='ocrx_word' id='word_1_305' title='bbox 397 4593 510 4648; x_wconf 77' lang='lat' dir='ltr'>Vseuerc</span> <span class='ocrx_word' id='word_1_306' title='bbox 527 4594 632 4650; x_wconf 78' lang='grc'><strong>5115155</strong></span> <span class='ocrx_word' id='word_1_307' title='bbox 649 4597 778 4664; x_wconf 75' lang='lat' dir='ltr'>(Benace</span> <span class='ocrx_word' id='word_1_308' title='bbox 795 4600 867 4668; x_wconf 93' lang='grc'><strong>1891)</strong></span> <span class='ocrx_word' id='word_1_309' title='bbox 882 4615 911 4666; x_wconf 79' lang='lat' dir='ltr'>p.</span> <span class='ocrx_word' id='word_1_310' title='bbox 927 4606 966 4666; x_wconf 89' lang='grc'>74,</span> <span class='ocrx_word' id='word_1_311' title='bbox 987 4597 1094 4652; x_wconf 82' lang='lat' dir='ltr'>Traube</span> <span class='ocrx_word' id='word_1_312' title='bbox 1112 4596 1464 4664; x_wconf 68' lang='grc' dir='ltr'><strong>1155.[.ι1551551ι.1111.18,</strong></span> <span class='ocrx_word' id='word_1_313' title='bbox 1483 4603 1560 4664; x_wconf 88' lang='grc'><strong>1892,</strong></span> <span class='ocrx_word' id='word_1_314' title='bbox 1580 4603 1632 4652; x_wconf 88' lang='grc'><strong>208</strong></span> <span class='ocrx_word' id='word_1_315' title='bbox 1700 4597 1750 4652; x_wconf 87' lang='grc'>251</span> <span class='ocrx_word' id='word_1_316' title='bbox 1763 4595 1798 4662; x_wconf 82' lang='lat' dir='ltr'>cf.</span> <span class='ocrx_word' id='word_1_317' title='bbox 1814 4593 1860 4650; x_wconf 81' lang='lat' dir='ltr'>Oc.</span> <span class='ocrx_word' id='word_1_318' title='bbox 1872 4610 1935 4648; x_wconf 74' lang='lat' dir='ltr'>ren.</span> <span class='ocrx_word' id='word_1_319' title='bbox 1949 4599 1998 4648; x_wconf 86' lang='grc'>187</span> <span class='ocrx_word' id='word_1_320' title='bbox 2008 4608 2045 4660; x_wconf 76' lang='lat' dir='ltr'>aq.</span> 
     </span>
     <span class='ocr_line' id='line_1_39' title="bbox 428 4697 2048 4772; baseline -0.001 -20"><span class='ocrx_word' id='word_1_321' title='bbox 428 4699 479 4754; x_wconf 87' lang='grc'><strong>253</strong></span> <span class='ocrx_word' id='word_1_322' title='bbox 497 4715 519 4756; x_wconf 84' lang='lat' dir='ltr'>v.</span> <span class='ocrx_word' id='word_1_323' title='bbox 533 4699 591 4754; x_wconf 83' lang='lat' dir='ltr'>iad.</span> <span class='ocrx_word' id='word_1_324' title='bbox 604 4715 624 4754; x_wconf 96' lang='grc'>5.</span> <span class='ocrx_word' id='word_1_325' title='bbox 636 4717 660 4756; x_wconf 85' lang='lat' dir='ltr'>u.</span> <span class='ocrx_word' id='word_1_326' title='bbox 679 4719 739 4767; x_wconf 84' lang='lat' dir='ltr'>ver;</span> <span class='ocrx_word' id='word_1_327' title='bbox 757 4701 866 4768; x_wconf 67' lang='grc'><strong>511555</strong></span> <span class='ocrx_word' id='word_1_328' title='bbox 878 4703 969 4758; x_wconf 83' lang='lat' dir='ltr'>Picou.</span> <span class='ocrx_word' id='word_1_329' title='bbox 984 4711 1033 4759; x_wconf 89' lang='grc'>150</span> <span class='ocrx_word' id='word_1_330' title='bbox 1119 4703 1170 4759; x_wconf 81' lang='grc'>257</span> <span class='ocrx_word' id='word_1_331' title='bbox 1190 4703 1274 4757; x_wconf 69' lang='lat' dir='ltr'>eccle.</span> <span class='ocrx_word' id='word_1_332' title='bbox 1287 4707 1342 4770; x_wconf 87' lang='grc'>3,8</span> <span class='ocrx_word' id='word_1_333' title='bbox 1360 4705 1472 4772; x_wconf 80' lang='lat' dir='ltr'>tempus</span> <span class='ocrx_word' id='word_1_334' title='bbox 1490 4701 1558 4757; x_wconf 90' lang='lat' dir='ltr'>bclli</span> <span class='ocrx_word' id='word_1_335' title='bbox 1577 4705 1606 4757; x_wconf 80' lang='lat' dir='ltr'>ei</span> <span class='ocrx_word' id='word_1_336' title='bbox 1624 4705 1735 4772; x_wconf 69' lang='lat' dir='ltr'>tempus</span> <span class='ocrx_word' id='word_1_337' title='bbox 1754 4697 1839 4770; x_wconf 83' lang='lat' dir='ltr'>puris.</span> <span class='ocrx_word' id='word_1_338' title='bbox 1866 4699 1949 4754; x_wconf 85' lang='lat' dir='ltr'>Druc.</span> <span class='ocrx_word' id='word_1_339' title='bbox 1964 4705 2048 4764; x_wconf 84' lang='lat'><strong><em>3,157</em></strong></span> 
     </span>
     <span class='ocr_line' id='line_1_40' title="bbox 394 4801 2046 4876; baseline 0.001 -21"><span class='ocrx_word' id='word_1_340' title='bbox 394 4805 444 4856; x_wconf 79' lang='lat' dir='ltr'>aut</span> <span class='ocrx_word' id='word_1_341' title='bbox 472 4821 527 4873; x_wconf 85' lang='lat' dir='ltr'>pax</span> <span class='ocrx_word' id='word_1_342' title='bbox 555 4807 598 4859; x_wconf 84' lang='lat' dir='ltr'>esi</span> <span class='ocrx_word' id='word_1_343' title='bbox 624 4807 675 4860; x_wconf 84' lang='lat' dir='ltr'>aui</span> <span class='ocrx_word' id='word_1_344' title='bbox 699 4803 776 4861; x_wconf 89' lang='lat' dir='ltr'>bella</span> <span class='ocrx_word' id='word_1_345' title='bbox 802 4807 924 4862; x_wconf 79' lang='lat' dir='ltr'>fremunt</span> <span class='ocrx_word' id='word_1_346' title='bbox 1028 4806 1079 4862; x_wconf 87' lang='grc'>258</span> <span class='ocrx_word' id='word_1_347' title='bbox 1100 4807 1135 4876; x_wconf 73' lang='lat' dir='ltr'>cf.</span> <span class='ocrx_word' id='word_1_348' title='bbox 1157 4808 1218 4860; x_wconf 79' lang='lat' dir='ltr'>que</span> <span class='ocrx_word' id='word_1_349' title='bbox 1245 4807 1337 4864; x_wconf 80' lang='lat' dir='ltr'>Picoa.</span> <span class='ocrx_word' id='word_1_350' title='bbox 1354 4814 1405 4862; x_wconf 89' lang='grc'><strong>140</strong></span> <span class='ocrx_word' id='word_1_351' title='bbox 1476 4805 1521 4861; x_wconf 85' lang='grc'>01.</span> <span class='ocrx_word' id='word_1_352' title='bbox 1539 4805 1618 4860; x_wconf 77' lang='lat' dir='ltr'>Porri.</span> <span class='ocrx_word' id='word_1_353' title='bbox 1637 4815 1659 4874; x_wconf 90' lang='lat'>1,</span> <span class='ocrx_word' id='word_1_354' title='bbox 1672 4815 1696 4874; x_wconf 89' lang='lat'>6,</span> <span class='ocrx_word' id='word_1_355' title='bbox 1715 4813 1747 4860; x_wconf 94' lang='grc'><strong>10</strong></span> <span class='ocrx_word' id='word_1_356' title='bbox 1769 4801 1943 4872; x_wconf 80' lang='lat' dir='ltr'>militiaeque</span> <span class='ocrx_word' id='word_1_357' title='bbox 1966 4801 2046 4857; x_wconf 85' lang='lat' dir='ltr'>labor</span> 
     </span>
     <span class='ocr_line' id='line_1_41' title="bbox 429 4907 2045 4982; baseline -0.001 -21"><span class='ocrx_word' id='word_1_358' title='bbox 429 4907 480 4962; x_wconf 85' lang='grc'>259</span> <span class='ocrx_word' id='word_1_359' title='bbox 506 4909 593 4964; x_wconf 79' lang='lat' dir='ltr'>eccles.</span> <span class='ocrx_word' id='word_1_360' title='bbox 610 4915 633 4974; x_wconf 85' lang='lat'>3,</span> <span class='ocrx_word' id='word_1_361' title='bbox 657 4919 674 4964; x_wconf 88' lang='grc'><strong>4</strong></span> <span class='ocrx_word' id='word_1_362' title='bbox 693 4913 804 4982; x_wconf 77' lang='lat' dir='ltr'>tempus</span> <span class='ocrx_word' id='word_1_363' title='bbox 826 4911 910 4968; x_wconf 85' lang='lat' dir='ltr'>flendi</span> <span class='ocrx_word' id='word_1_364' title='bbox 932 4913 961 4968; x_wconf 81' lang='lat' dir='ltr'>ei</span> <span class='ocrx_word' id='word_1_365' title='bbox 984 4913 1095 4982; x_wconf 82' lang='lat' dir='ltr'>iempus</span> <span class='ocrx_word' id='word_1_366' title='bbox 1120 4909 1229 4966; x_wconf 89' lang='lat' dir='ltr'>ridendi</span> <span class='ocrx_word' id='word_1_367' title='bbox 1315 4911 1367 4968; x_wconf 84' lang='lat'>260</span> <span class='ocrx_word' id='word_1_368' title='bbox 1384 4910 1536 4978; x_wconf 70' lang='grc'><strong>55511555</strong></span> <span class='ocrx_word' id='word_1_369' title='bbox 1562 4913 1673 4981; x_wconf 87' lang='lat' dir='ltr'>tempus</span> <span class='ocrx_word' id='word_1_370' title='bbox 1697 4907 1862 4978; x_wconf 83' lang='lat' dir='ltr'>acquirendi</span> <span class='ocrx_word' id='word_1_371' title='bbox 1887 4910 1916 4962; x_wconf 82' lang='lat' dir='ltr'>ei</span> <span class='ocrx_word' id='word_1_372' title='bbox 1934 4909 2045 4976; x_wconf 74' lang='lat' dir='ltr'>tempus</span> 
     </span>
     <span class='ocr_line' id='line_1_42' title="bbox 394 5011 2046 5083; baseline 0.001 -19"><span class='ocrx_word' id='word_1_373' title='bbox 394 5011 536 5080; x_wconf 83' lang='lat' dir='ltr'>perdendi.</span> <span class='ocrx_word' id='word_1_374' title='bbox 567 5011 601 5078; x_wconf 83' lang='lat' dir='ltr'>cf.</span> <span class='ocrx_word' id='word_1_375' title='bbox 615 5013 738 5068; x_wconf 79' lang='lat' dir='ltr'>quercui.</span> <span class='ocrx_word' id='word_1_376' title='bbox 760 5023 784 5083; x_wconf 88' lang='grc'><strong>5,</strong></span> <span class='ocrx_word' id='word_1_377' title='bbox 799 5023 847 5070; x_wconf 87' lang='grc'>571</span> <span class='ocrx_word' id='word_1_378' title='bbox 945 5016 994 5072; x_wconf 83' lang='grc'>261</span> <span class='ocrx_word' id='word_1_379' title='bbox 1013 5015 1405 5083; x_wconf 65' lang='grc' dir='ltr'><strong>51Ηοτ.55555.2,0,11555</strong></span> <span class='ocrx_word' id='word_1_380' title='bbox 1419 5013 1514 5068; x_wconf 83' lang='lat' dir='ltr'>Piucu.</span> <span class='ocrx_word' id='word_1_381' title='bbox 1530 5021 1578 5067; x_wconf 84' lang='grc'>147</span> <span class='ocrx_word' id='word_1_382' title='bbox 1671 5012 1723 5068; x_wconf 90' lang='grc'><strong>263</strong></span> <span class='ocrx_word' id='word_1_383' title='bbox 1742 5011 1849 5080; x_wconf 64' lang='grc'><strong>051615.</strong></span> <span class='ocrx_word' id='word_1_384' title='bbox 1868 5011 1938 5065; x_wconf 82' lang='lat' dir='ltr'>Iasi.</span> <span class='ocrx_word' id='word_1_385' title='bbox 1956 5018 1981 5077; x_wconf 87' lang='grc'>4,</span> <span class='ocrx_word' id='word_1_386' title='bbox 1995 5017 2046 5066; x_wconf 86' lang='grc'>805</span> 
     </span>
     <span class='ocr_line' id='line_1_43' title="bbox 394 5113 2046 5188; baseline -0.001 -20"><span class='ocrx_word' id='word_1_387' title='bbox 394 5115 498 5170; x_wconf 85' lang='lat' dir='ltr'>faciens</span> <span class='ocrx_word' id='word_1_388' title='bbox 516 5115 651 5174; x_wconf 88' lang='lat' dir='ltr'>miracula</span> <span class='ocrx_word' id='word_1_389' title='bbox 670 5118 797 5175; x_wconf 73' lang='lat' dir='ltr'>Christus</span> <span class='ocrx_word' id='word_1_390' title='bbox 868 5119 925 5174; x_wconf 78' lang='grc'><strong>1011.</strong></span> <span class='ocrx_word' id='word_1_391' title='bbox 944 5127 967 5188; x_wconf 92' lang='grc'><strong>2,</strong></span> <span class='ocrx_word' id='word_1_392' title='bbox 986 5129 1003 5174; x_wconf 84' lang='grc'><strong>4</strong></span> <span class='ocrx_word' id='word_1_393' title='bbox 1025 5119 1148 5175; x_wconf 88' lang='lat' dir='ltr'>nondum</span> <span class='ocrx_word' id='word_1_394' title='bbox 1168 5119 1245 5174; x_wconf 80' lang='lat' dir='ltr'>venii</span> <span class='ocrx_word' id='word_1_395' title='bbox 1261 5118 1331 5174; x_wconf 87' lang='lat' dir='ltr'>hora</span> <span class='ocrx_word' id='word_1_396' title='bbox 1354 5135 1417 5172; x_wconf 88' lang='lat' dir='ltr'>mea</span> <span class='ocrx_word' id='word_1_397' title='bbox 1502 5117 1553 5172; x_wconf 84' lang='lat'>265</span> <span class='ocrx_word' id='word_1_398' title='bbox 1568 5121 1630 5185; x_wconf 78' lang='lat' dir='ltr'>post</span> <span class='ocrx_word' id='word_1_399' title='bbox 1647 5117 1757 5186; x_wconf 71' lang='lat' dir='ltr'>loaqam</span> <span class='ocrx_word' id='word_1_400' title='bbox 1774 5113 1958 5185; x_wconf 66' lang='lat' dir='ltr'>(laqueariorum</span> <span class='ocrx_word' id='word_1_401' title='bbox 1975 5113 2046 5168; x_wconf 77' lang='lat' dir='ltr'>redii</span> 
     </span>
     <span class='ocr_line' id='line_1_44' title="bbox 393 5218 2046 5292; baseline 0 -20"><span class='ocrx_word' id='word_1_402' title='bbox 393 5218 430 5271; x_wconf 86' lang='lat' dir='ltr'>cd</span> <span class='ocrx_word' id='word_1_403' title='bbox 453 5219 540 5275; x_wconf 71' lang='lat' dir='ltr'>thena</span> <span class='ocrx_word' id='word_1_404' title='bbox 560 5238 653 5276; x_wconf 83' lang='lat' dir='ltr'>auam:</span> <span class='ocrx_word' id='word_1_405' title='bbox 677 5224 757 5292; x_wconf 67' lang='lat' dir='ltr'>‘quood</span> <span class='ocrx_word' id='word_1_406' title='bbox 782 5229 870 5279; x_wconf 80' lang='lat' dir='ltr'>cutem</span> <span class='ocrx_word' id='word_1_407' title='bbox 895 5223 960 5278; x_wconf 75' lang='lat' dir='ltr'>miii</span> <span class='ocrx_word' id='word_1_408' title='bbox 985 5223 1115 5286; x_wconf 82' lang='lat' dir='ltr'>irasceris,</span> <span class='ocrx_word' id='word_1_409' title='bbox 1139 5228 1222 5277; x_wconf 70' lang='lat' dir='ltr'>uuam</span> <span class='ocrx_word' id='word_1_410' title='bbox 1246 5221 1352 5291; x_wconf 76' lang='lat' dir='ltr'>repatu&#39;</span> <span class='ocrx_word' id='word_1_411' title='bbox 1374 5237 1423 5291; x_wconf 79' lang='lat' dir='ltr'>equ.</span> <span class='ocrx_word' id='word_1_412' title='bbox 1464 5221 1525 5290; x_wconf 77' lang='lat' dir='ltr'>ipsa</span> <span class='ocrx_word' id='word_1_413' title='bbox 1551 5226 1641 5276; x_wconf 78' lang='lat' dir='ltr'>tumea</span> <span class='ocrx_word' id='word_1_414' title='bbox 1662 5220 1790 5292; x_wconf 70' lang='lat' dir='ltr'>diyreaeic</span> <span class='ocrx_word' id='word_1_415' title='bbox 1810 5219 1964 5289; x_wconf 82' lang='grc'><strong>(219-254)</strong></span> <span class='ocrx_word' id='word_1_416' title='bbox 1989 5235 2046 5272; x_wconf 76' lang='lat' dir='ltr'>awa</span> 
     </span>
     <span class='ocr_line' id='line_1_45' title="bbox 393 5325 2045 5399; baseline -0.002 -20"><span class='ocrx_word' id='word_1_417' title='bbox 393 5325 446 5379; x_wconf 79' lang='grc'><strong>5511</strong></span> <span class='ocrx_word' id='word_1_418' title='bbox 463 5325 493 5379; x_wconf 84' lang='lat' dir='ltr'>iu</span> <span class='ocrx_word' id='word_1_419' title='bbox 511 5343 569 5380; x_wconf 83' lang='lat' dir='ltr'>cum</span> <span class='ocrx_word' id='word_1_420' title='bbox 585 5328 757 5383; x_wconf 70' lang='lat' dir='ltr'>cadurcium:</span> <span class='ocrx_word' id='word_1_421' title='bbox 773 5330 841 5384; x_wconf 74' lang='lat' dir='ltr'>‘curu</span> <span class='ocrx_word' id='word_1_422' title='bbox 859 5336 972 5399; x_wconf 79' lang='lat' dir='ltr'>tempora</span> <span class='ocrx_word' id='word_1_423' title='bbox 985 5329 1083 5399; x_wconf 69' lang='lat' dir='ltr'>peace</span> <span class='ocrx_word' id='word_1_424' title='bbox 1101 5329 1145 5383; x_wconf 84' lang='lat' dir='ltr'>ira</span> <span class='ocrx_word' id='word_1_425' title='bbox 1162 5328 1228 5397; x_wconf 81' lang='lat' dir='ltr'>taa’,</span> <span class='ocrx_word' id='word_1_426' title='bbox 1251 5328 1297 5384; x_wconf 81' lang='lat' dir='ltr'>sed</span> <span class='ocrx_word' id='word_1_427' title='bbox 1317 5344 1417 5383; x_wconf 78' lang='lat' dir='ltr'>ecacca</span> <span class='ocrx_word' id='word_1_428' title='bbox 1442 5333 1479 5382; x_wconf 79' lang='lat' dir='ltr'>cat</span> <span class='ocrx_word' id='word_1_429' title='bbox 1500 5343 1560 5382; x_wconf 84' lang='lat' dir='ltr'>cum</span> <span class='ocrx_word' id='word_1_430' title='bbox 1581 5327 1616 5381; x_wconf 80' lang='lat' dir='ltr'>iia</span> <span class='ocrx_word' id='word_1_431' title='bbox 1631 5343 1701 5395; x_wconf 78' lang='lat' dir='ltr'>quae</span> <span class='ocrx_word' id='word_1_432' title='bbox 1722 5330 1784 5380; x_wconf 80' lang='grc'><strong>5515</strong></span> <span class='ocrx_word' id='word_1_433' title='bbox 1801 5342 1823 5380; x_wconf 89' lang='lat' dir='ltr'>v.</span> <span class='ocrx_word' id='word_1_434' title='bbox 1840 5331 1887 5380; x_wconf 91' lang='grc'>219</span> <span class='ocrx_word' id='word_1_435' title='bbox 1905 5325 2045 5394; x_wconf 67' lang='lat' dir='ltr'>leuantur:</span> 
     </span>
     <span class='ocr_line' id='line_1_46' title="bbox 392 5427 2046 5502; baseline -0.001 -20"><span class='ocrx_word' id='word_1_436' title='bbox 392 5429 468 5484; x_wconf 81' lang='lat' dir='ltr'>‘daus</span> <span class='ocrx_word' id='word_1_437' title='bbox 486 5445 547 5484; x_wconf 87' lang='lat' dir='ltr'>cum</span> <span class='ocrx_word' id='word_1_438' title='bbox 564 5431 665 5487; x_wconf 74' lang='lat' dir='ltr'>uideret</span> <span class='ocrx_word' id='word_1_439' title='bbox 683 5439 708 5488; x_wconf 84' lang='lat' dir='ltr'>tc</span> <span class='ocrx_word' id='word_1_440' title='bbox 722 5440 851 5502; x_wconf 79' lang='lat' dir='ltr'>puratum</span> <span class='ocrx_word' id='word_1_441' title='bbox 869 5451 924 5490; x_wconf 81' lang='grc'><strong>5555</strong></span> <span class='ocrx_word' id='word_1_442' title='bbox 941 5435 1111 5502; x_wconf 79' lang='lat' dir='ltr'>adveniam,</span> <span class='ocrx_word' id='word_1_443' title='bbox 1135 5433 1221 5488; x_wconf 80' lang='grc'><strong>155155</strong></span> <span class='ocrx_word' id='word_1_444' title='bbox 1247 5437 1307 5488; x_wconf 72' lang='lat' dir='ltr'>uam</span> <span class='ocrx_word' id='word_1_445' title='bbox 1324 5433 1435 5500; x_wconf 80' lang='lat' dir='ltr'>uacauit,</span> <span class='ocrx_word' id='word_1_446' title='bbox 1459 5447 1544 5502; x_wconf 77' lang='lat' dir='ltr'>aeque</span> <span class='ocrx_word' id='word_1_447' title='bbox 1561 5431 1631 5486; x_wconf 81' lang='lat' dir='ltr'>enim</span> <span class='ocrx_word' id='word_1_448' title='bbox 1648 5446 1681 5486; x_wconf 77' lang='lat' dir='ltr'>ac</span> <span class='ocrx_word' id='word_1_449' title='bbox 1692 5430 1787 5485; x_wconf 82' lang='lat' dir='ltr'>ordine</span> <span class='ocrx_word' id='word_1_450' title='bbox 1805 5429 1928 5498; x_wconf 69' lang='grc'><strong>15555555</strong></span> <span class='ocrx_word' id='word_1_451' title='bbox 1945 5427 2046 5482; x_wconf 80' lang='lat' dir='ltr'>marici</span> 
     </span>
     <span class='ocr_line' id='line_1_47' title="bbox 392 5532 2046 5609; baseline -0.001 -22"><span class='ocrx_word' id='word_1_452' title='bbox 392 5539 464 5601; x_wconf 77' lang='lat' dir='ltr'>suat,</span> <span class='ocrx_word' id='word_1_453' title='bbox 483 5533 530 5588; x_wconf 79' lang='lat' dir='ltr'>aed</span> <span class='ocrx_word' id='word_1_454' title='bbox 546 5539 577 5588; x_wconf 79' lang='lat' dir='ltr'>ut</span> <span class='ocrx_word' id='word_1_455' title='bbox 593 5536 681 5606; x_wconf 67' lang='lat' dir='ltr'>cloria</span> <span class='ocrx_word' id='word_1_456' title='bbox 698 5543 748 5591; x_wconf 77' lang='lat' dir='ltr'>tau</span> <span class='ocrx_word' id='word_1_457' title='bbox 766 5543 918 5609; x_wconf 67' lang='lat' dir='ltr'>augeretur,</span> <span class='ocrx_word' id='word_1_458' title='bbox 944 5555 1028 5608; x_wconf 70' lang='lat' dir='ltr'>ccum</span> <span class='ocrx_word' id='word_1_459' title='bbox 1047 5543 1125 5594; x_wconf 75' lang='grc'><strong>51551</strong></span> <span class='ocrx_word' id='word_1_460' title='bbox 1141 5537 1255 5593; x_wconf 72' lang='lat' dir='ltr'>invalidi</span> <span class='ocrx_word' id='word_1_461' title='bbox 1273 5539 1309 5605; x_wconf 77' lang='lat' dir='ltr'>(ct</span> <span class='ocrx_word' id='word_1_462' title='bbox 1326 5537 1356 5592; x_wconf 80' lang='lat' dir='ltr'>iri</span> <span class='ocrx_word' id='word_1_463' title='bbox 1373 5541 1486 5605; x_wconf 80' lang='lat' dir='ltr'>tempore</span> <span class='ocrx_word' id='word_1_464' title='bbox 1499 5539 1638 5605; x_wconf 75' lang='lat' dir='ltr'>percarui),</span> <span class='ocrx_word' id='word_1_465' title='bbox 1655 5534 1702 5590; x_wconf 81' lang='lat' dir='ltr'>sed</span> <span class='ocrx_word' id='word_1_466' title='bbox 1718 5535 1809 5601; x_wconf 74' lang='lat' dir='ltr'>sortes,</span> <span class='ocrx_word' id='word_1_467' title='bbox 1827 5532 1913 5603; x_wconf 66' lang='lat' dir='ltr'>cloria</span> <span class='ocrx_word' id='word_1_468' title='bbox 1929 5547 1990 5602; x_wconf 69' lang='lat' dir='ltr'>eruo</span> <span class='ocrx_word' id='word_1_469' title='bbox 2007 5536 2046 5586; x_wconf 81' lang='grc'>551</span> 
     </span>
     <span class='ocr_line' id='line_1_48' title="bbox 392 5637 1843 5714; baseline 0.001 -23"><span class='ocrx_word' id='word_1_470' title='bbox 392 5643 441 5692; x_wconf 76' lang='lat' dir='ltr'>tua</span> <span class='ocrx_word' id='word_1_471' title='bbox 458 5637 522 5707; x_wconf 76' lang='lat' dir='ltr'>(duc</span> <span class='ocrx_word' id='word_1_472' title='bbox 538 5639 685 5708; x_wconf 73' lang='lat' dir='ltr'>respiciunt</span> <span class='ocrx_word' id='word_1_473' title='bbox 703 5641 755 5696; x_wconf 91' lang='grc'>266</span> <span class='ocrx_word' id='word_1_474' title='bbox 775 5643 834 5697; x_wconf 80' lang='lat' dir='ltr'>iam</span> <span class='ocrx_word' id='word_1_475' title='bbox 853 5641 949 5714; x_wconf 87' lang='lat' dir='ltr'>magni</span> <span class='ocrx_word' id='word_1_476' title='bbox 967 5641 1070 5714; x_wconf 85' lang='lat' dir='ltr'>regis)&#39;.</span> <span class='ocrx_word' id='word_1_477' title='bbox 1103 5643 1159 5696; x_wconf 83' lang='lat' dir='ltr'>iam</span> <span class='ocrx_word' id='word_1_478' title='bbox 1178 5642 1306 5698; x_wconf 74' lang='lat' dir='ltr'>inseritur</span> <span class='ocrx_word' id='word_1_479' title='bbox 1323 5641 1356 5697; x_wconf 83' lang='lat' dir='ltr'>dc</span> <span class='ocrx_word' id='word_1_480' title='bbox 1373 5647 1487 5713; x_wconf 76' lang='lat' dir='ltr'>ternpore</span> <span class='ocrx_word' id='word_1_481' title='bbox 1504 5645 1546 5696; x_wconf 82' lang='grc'>551</span> <span class='ocrx_word' id='word_1_482' title='bbox 1563 5641 1670 5697; x_wconf 73' lang='lat' dir='ltr'>motata</span> <span class='ocrx_word' id='word_1_483' title='bbox 1688 5638 1843 5695; x_wconf 71' lang='lat' dir='ltr'>duummu</span> 
     </span>
    </p>
   </div>
   <div class='ocr_carea' id='block_1_6' title="bbox 0 0 2282 6390">
    <p class='ocr_par' dir='ltr' id='par_1_6' title="bbox 0 0 2282 6390">
     <span class='ocr_line' id='line_1_49' title="bbox 0 0 2282 6390; baseline 0 0"><span class='ocrx_word' id='word_1_484' title='bbox 0 0 2282 6390; x_wconf 95' lang='lat' dir='ltr'> </span> 
     </span>
    </p>
   </div>
  </div>
 </body>
</html>
