4554 6396
802 340 955 398 EVGENII
989 342 1245 400 Huxnunruuou

606 523 735 583 mortua
757 539 834 605 pers
856 518 999 584 bominis
1023 519 1181 604 quotiens,
1205 540 1281 605 pars
1299 517 1375 584 vivo
1396 519 1536 601 iacebat,

451 620 503 678 530
549 667 555 676 -
607 623 723 688 lunera
745 623 821 688 viva
843 643 973 708 gerens,
996 623 1095 688 vivax
1119 624 1152 688 iu
1175 628 1278 688 morte
1301 622 1441 690 cadaver

608 747 647 792 ao
671 728 741 792 sine
764 733 868 793 morte
891 733 1003 794 tamen
1026 727 1116 793 vitali
1138 734 1242 794 morte
1264 733 1455 815 perempta?

537 843 577 884 ⁶⁵⁰
606 837 641 897 et
662 830 811 896 rediviva
833 831 922 896 selus
946 830 1058 897 reduci
1080 852 1138 917 per
1161 832 1308 897 membre
1330 853 1451 919 vapore

606 935 755 1002 nascitur
777 941 811 1000 et
834 934 961 1000 calidus
984 935 1104 1021 repetit
1127 935 1240 1001 vitalio
1263 957 1380 1001 sensus

607 1060 682 1105 osse
703 1025 821 1104 tenens
844 1059 1011 1125 venasque
1035 1038 1124 1104 ciens
1148 1038 1318 1125 udansque
1340 1039 1512 1108 medullas.

450 1140 501 1196 535
605 1142 779 1208 Phoenicis
803 1150 955 1208 exactam
978 1147 1114 1208 renovat
1136 1140 1217 1208 deus
1239 1143 1315 1228 igno
1339 1143 1504 1208 iuventam

605 1239 860 1331 combustusque
885 1266 982 1312 senes
1006 1245 1132 1310 tumulo
1155 1245 1304 1332 procedit
1327 1245 1469 1311 adultus:

536 1361 575 1402 ⁶⁵⁵
608 1371 803 1417 consumens
827 1349 884 1415 dat
905 1349 1052 1415 membra
1073 1369 1173 1435 rogus
1197 1350 1268 1416 sine
1292 1357 1379 1416 sorte
1402 1350 1554 1437 sepulcri.

603 1453 735 1540 ignibus
759 1455 915 1520 extinctis
939 1455 1004 1519 iem
1026 1459 1155 1518 mortua
1177 1452 1306 1518 flamma
1328 1455 1480 1540 resurgit,

604 1557 753 1624 redditur
776 1559 861 1644 ignis
886 1556 972 1624 edax
994 1557 1138 1623 redivivo
1162 1558 1284 1623 lumine
1309 1557 1453 1624 candens

449 1661 500 1720 540
605 1667 639 1728 et
661 1661 804 1727 scintille
826 1661 939 1727 volans
963 1659 1116 1726 incendia
1137 1666 1232 1726 vasta
1254 1660 1380 1726 reducit

606 1771 640 1831 et
663 1764 751 1852 quod
774 1764 883 1830 fumus
908 1770 989 1848 erat,
1012 1763 1130 1830 stridet
1151 1763 1246 1829 inber
1267 1764 1351 1849 ignis
1374 1763 1500 1842 anheli;

533 1883 573 1925 ⁶⁶⁰
601 1870 678 1960 igno
701 1890 786 1955 vago
810 1869 963 1946 rutilatur
984 1889 1082 1955 apex,
1105 1868 1163 1934 lux
1186 1868 1323 1934 aethera
1345 1869 1459 1936 lambit

473 1986 520 2028 ⁶⁶1·
537 1987 577 2029 ⁶6²
608 1980 641 2039 et
663 1974 792 2040 caelum
815 1979 967 2060 repetens
994 1977 1104 2038 erecto
1129 1973 1217 2038 crine
1241 1979 1391 2059 vagetur.

534 2091 573 2132 ⁶⁶³
603 2084 730 2144 mortua
751 2098 816 2144 nox
839 2077 899 2143 sub
923 2077 997 2142 luce
1021 2076 1119 2158 cadit,
1142 2076 1228 2162 pcrit
1251 2097 1351 2143 aureo
1373 2077 1451 2142 luno

447 2181 499 2236 545
603 2187 702 2268 atque
724 2203 784 2268 per
805 2201 962 2247 ascensus
986 2187 1019 2247 et
1042 2201 1163 2247 cornua
1186 2181 1312 2266 colligit
1333 2181 1426 2266 ignes

535 2299 574 2340 ⁶⁶⁵
605 2291 639 2351 et
661 2285 738 2351 dum
762 2306 862 2352 caece
885 2286 979 2368 latet,
1002 2291 1153 2371 reparato
1176 2283 1299 2350 lumino
1321 2285 1425 2371 fulget

604 2391 825 2477 mentiturque
847 2388 936 2455 ‘diem
958 2390 1018 2455 lux
1039 2389 1169 2476 frigida,
1194 2389 1271 2456 solie
1295 2389 1414 2476 imago.

604 2494 740 2560 lucifero
764 2494 924 2560 redeunte
947 2495 1023 2581 polo
1047 2495 1228 2560 moriuntur
1251 2499 1284 2560 et
1307 2500 1411 2560 estre:

603 2599 737 2664 nuntius
760 2618 897 2664 aurorae
921 2596 1104 2663 subductus
1127 2603 1230 2664 morte
1254 2596 1371 2663 diurna

447 2701 499 2758 550
602 2702 720 2768 lucifer
743 2703 905 2768 extinctas
929 2701 1034 2768 reficit
1049 2723 1109 2789 per
1132 2700 1240 2766 sidera
1261 2701 1418 2785 flammas,

534 2820 572 2860 ⁶²⁰
602 2806 721 2872 exhinc
745 2812 922 2872 nocturnus
943 2803 1038 2871 iubar
1061 2805 1180 2871 emicat
1202 2805 1278 2893 igne
1302 2827 1448 2873 corusco.

603 2910 732 2977 roseida
754 2911 930 2998 puniceum
954 2931 1114 2998 spargens
1138 2931 1255 2975 aurora
1277 2910 1430 2976 ruborem

602 3015 693 3080 ducit
716 3014 837 3101 ubique
861 3013 947 3081 diem
969 3014 1151 3100 periturum
1173 3015 1278 3080 noctis
1302 3014 1344 3079 eb
1367 3014 1492 3081 umbris

603 3126 636 3185 et
658 3126 771 3186 tamen
792 3120 876 3186 haec
899 3119 940 3184 de
964 3118 1034 3184 sole
1058 3119 1154 3206 perit,
1177 3139 1241 3204 quo
1265 3119 1367 3184 missa
1388 3118 1539 3186 rubebat.

447 3223 499 3280 555
603 3224 662 3306 sol,
687 3225 798 3290 oculus
822 3224 917 3308 caeli,
940 3223 1082 3288 famulus
1106 3244 1206 3310 super
1228 3229 1317 3289 astra
1339 3223 1492 3306 tonantis,

537 3341 575 3382 ⁶³³
606 3329 699 3393 ouius
722 3326 764 3392 cb
788 3328 946 3393 inmensis
968 3327 1186 3411 languescunt
1209 3327 1316 3393 sidera
1338 3327 1488 3410 flammis,

603 3434 636 3498 ni
659 3430 776 3519 gelidis
800 3433 962 3496 animetur
984 3432 1078 3518 aquis
1101 3453 1162 3518 per
1184 3432 1316 3497 caerula
1338 3433 1439 3519 ponti,

604 3535 737 3612 occidit;
762 3536 835 3622 ipse
859 3535 928 3600 dies
951 3555 1051 3622 super
1073 3556 1218 3622 aequora
1242 3537 1311 3600 solo
1335 3533 1473 3600 cedente

603 3661 748 3726 aequore
771 3660 896 3705 merrus
920 3638 998 3723 obit,
1022 3659 1126 3704 novus
1149 3660 1290 3725 aequore
1314 3659 1411 3704 mene
1434 3640 1594 3726 resurgit:

447 3744 499 3801 560
603 3765 741 3832 vespere
765 3751 924 3810 nocturno
946 3744 1032 3808 hune
1054 3742 1181 3809 radiata
1203 3745 1276 3808 luco
1300 3742 1470 3810 rubentem

534 3863 573 3903 ⁶⁸⁰
602 3850 776 3936 purpureis
799 3847 970 3914 abscondit
992 3849 1084 3934 aquis
1108 3847 1278 3934 redditque
1301 3845 1417 3912 diurne

289 4189 342 4245 599
358 4189 466 4259 om(n)is
484 4190 537 4242 FP
603 4189 693 4252 urso
778 4187 831 4243 533
848 4189 923 4242 uitali
940 4187 991 4253 LO
1060 4185 1111 4240 534
1129 4204 1259 4254 reumque
1277 4188 1436 4255 cigncnsque
1452 4188 1579 4242 medullas
1597 4189 1631 4240 M
1696 4193 1845 4258 sudansque

185 4277 312 4341 FPLQZ
393 4277 445 4332 535
462 4276 617 4340 exausieF,
635 4278 787 4330 uhuorum
805 4276 831 4327 P
897 4275 1021 4344 ignemQ
1089 4277 1198 4328 iuuenta
1216 4275 1265 4339 LQ
1345 4273 1397 4327 536
1414 4293 1494 4328 senex
1511 4276 1560 4342 (L)
1579 4278 1605 4330 P
1683 4276 1734 4330 539
1752 4278 1846 4329 cedens

186 4363 268 4426 MLQ
352 4361 404 4416 540
423 4365 536 4418 scintille
553 4381 637 4417 uorax
654 4362 729 4427 ΕΟΖ
813 4361 864 4415 549
881 4371 967 4416 cetere
985 4362 1144 4428 MPPLQZ,
1162 4363 1264 4415 correcti
1353 4360 1404 4414 544
1422 4363 1497 4414 cedet
1515 4362 1550 4412 M
1613 4361 1665 4416 545
1686 4365 1756 4431 ignis
1774 4362 1849 4425 LQZ

222 4449 274 4502 546
291 4451 373 4502 latent
389 4446 468 4514 ΕΟΖ
532 4452 610 4518 fulgit
628 4451 658 4502 F
735 4448 787 4504 548
805 4453 924 4504 Lucifero
942 4450 992 4513 LQ
1061 4448 1112 4501 549
1130 4451 1285 4502 subducitur
1301 4448 1354 4502 FP
1437 4449 1487 4502 551
1522 4451 1590 4502 Exin
1608 4449 1635 4502 P
1701 4457 1845 4502 nocturnus

185 4535 276 4600 Mne,
292 4545 433 4590 nocturnes
451 4537 508 4602 FP,
527 4545 683 4590 nocturnum
701 4537 759 4590 edd
846 4535 898 4590 559
916 4539 1025 4604 puniceo
1043 4535 1081 4588 Μ’
1168 4535 1219 4590 554
1237 4536 1310 4602 haec]
1329 4553 1360 4589 eo
1380 4537 1418 4603 M,
1436 4537 1486 4588 hoc
1503 4535 1555 4588 ΜΡ
1638 4535 1690 4590 556
1707 4538 1789 4589 Cuius
1808 4539 1843 4588 ab

185 4631 292 4691 aspectu
309 4625 327 4676 l.
340 4641 360 4676 s.
379 4627 443 4678 caeli
461 4625 536 4688 ΕΟΖ
550 4627 584 4694 cf.
597 4623 650 4678 578
744 4623 795 4677 557
814 4626 852 4677 Ne
870 4624 946 4688 LQZ
1034 4621 1085 4676 558
1103 4625 1204 4676 Accidit
1222 4623 1256 4674 Μ
1330 4625 1385 4676 dios
1407 4623 1555 4690 insupch
1646 4621 1698 4676 559
1715 4625 1844 4689 liquorem

185 4728 285 4763 memus
303 4713 361 4764 nuit
386 4709 452 4778 (onir
469 4729 539 4764 moer.
554 4714 580 4777 2)
604 4714 689 4766 nobus
707 4712 741 4762 Μ
744 4733 751 4778 ;
777 4713 888 4780 furmure
910 4713 965 4766 ubit
987 4709 1103 4779 diagonio
1125 4712 1310 4764 rectitacndam
1330 4719 1375 4764 ert.
1409 4713 1443 4764 lit
1463 4727 1515 4776 quo
1537 4726 1658 4762 mucrene
1680 4712 1736 4766 cuit
1759 4727 1844 4762 nouus

186 4795 262 4859 LQZ
279 4798 338 4852 edd.
362 4795 422 4865 (buc
440 4799 573 4852 demersus
590 4799 630 4852 cel
647 4801 686 4850 llx
705 4816 757 4865 quo
775 4815 925 4865 conversus,
944 4801 1035 4851 omisso
1054 4800 1109 4852 obit
1189 4797 1238 4852 561
1259 4815 1326 4866 uque
1345 4797 1379 4848 Μ
