4568 6396
815 391 863 447 DE
881 391 1021 450 EVGENI
1039 393 1236 451 CODICIBVS.
1753 399 1855 456 XLVII

193 564 270 646 qnia
292 561 449 630 habentur
470 565 506 628 in
528 564 628 631 codice
651 565 909 650 Cantabripiensi
933 567 984 650 (lp
1005 568 1035 646 5,
1056 567 1099 630 35
1118 567 1238 650 (1567)
1248 568 1275 655 ¹)
1302 570 1357 648 sol.
1374 572 1567 649 378-381,
1590 591 1781 654 quamquam
1796 573 1856 638 Al-

194 670 305 734 ccinus
326 667 382 733 hoe
403 667 488 733 credi
515 668 650 734 coluisse
675 669 799 734 ridetur
825 690 896 736 cnm
928 671 965 734 in
994 669 1196 755 praefatione
1227 673 1433 739 distichorum
1465 676 1663 756 sequentium
1695 677 1856 758 scripserit

194 771 351 838 dactilicis
372 772 490 838 librum
513 794 611 858 quem
633 772 697 839 ieci
718 774 866 840 versibus
887 775 1030 860 istum2).

297 915 370 976 app.
400 913 496 960 carm,
512 883 700 960 H-ssXX
707 895 735 958 V
751 895 817 960 solo
843 897 879 958 in
908 895 955 960 M
974 900 1100 960 sauata
1127 896 1260 962 similem
1279 900 1418 978 possunt
1444 897 1556 962 habere
1582 900 1734 982 oripinem
1759 919 1855 982 qnam

192 998 415 1075 antecedentia,
437 1018 631 1080 quamquam
652 1000 709 1063 cicc
729 1003 806 1064 sunt
827 999 965 1064 eiusdem
986 1000 1183 1065 collectionis.
1227 1020 1323 1065 carm.
1345 1005 1451 1066 antem
1468 1001 1538 1066 XX
1551 1003 1659 1067 ceteris
1674 1001 1751 1068 adca
1760 1023 1856 1084 prae-

194 1101 276 1166 cellit
289 1119 363 1166 socco
380 1105 410 1166 et
430 1102 534 1184 vicere
556 1102 710 1166 sermonis
730 1106 768 1165 ut
789 1104 848 1184 qui
861 1101 990 1185 Ecepeni
1011 1121 1075 1168 csse
1096 1102 1182 1168 dicat
1203 1104 1232 1167 ei
1254 1105 1310 1168 oia
1330 1103 1446 1170 habeas
1467 1105 1544 1169 corti
1565 1105 1650 1186 qnod
1670 1105 1855 1191 oppmcas³).

296 1203 433 1270 scholam
461 1203 594 1286 sapiunt
615 1225 688 1286 app.
713 1225 809 1270 carm.
825 1205 955 1271 XXVI
956 1205 1070 1272 -XX
1076 1206 1165 1272 VIII
1181 1207 1261 1272 lccta
1283 1207 1320 1272 in
1341 1206 1397 1286 M;
1424 1210 1462 1272 ut
1482 1206 1629 1272 XXVII
1645 1214 1674 1273 et
1695 1207 1860 1276 XXVIII

194 1307 237 1373 ad
257 1307 405 1373 Persium
424 1311 502 1372 sant
522 1306 703 1391 famarm),
726 1309 773 1374 ita
795 1308 917 1374 XXVI
935 1309 1039 1375 redire
1060 1310 1185 1375 cidetm
1206 1309 1251 1375 ad
1271 1310 1417 1376 Iuvenal.
1441 1315 1471 1390 3,
1493 1311 1538 1376 27
1551 1331 1596 1394 sq.

295 1430 369 1494 item
402 1431 479 1509 apta
505 1428 645 1510 eacmpla
668 1431 1071 1512 praeexercitamcntcrunc,
1109 1432 1225 1512 quibem
1257 1433 1371 1513 qualia
1398 1434 1434 1497 in
1463 1432 1549 1497 ludis
1575 1452 1752 1514 componere
1781 1437 1856 1499 tunc

195 1532 340 1614 torporis
365 1532 453 1598 soliti
478 1532 545 1596 sint
569 1552 744 1616 capnoscas,
775 1537 852 1598 sunt
882 1533 1204 1603 XXIX-XLVII.
1250 1553 1328 1601 sane
1353 1536 1519 1618 imperitus
1544 1537 1611 1615 fuit
1636 1537 1789 1602 librarius
1815 1537 1862 1601 M

194 1637 250 1718 qai
271 1637 351 1702 talia
373 1637 468 1720 qnasi
490 1637 613 1703 cimelia
634 1657 673 1702 ca
694 1639 861 1703 uetustiore
883 1639 983 1704 codice
1004 1639 1159 1721 depinait.
1613 1633 1614 1644 ’

296 1778 391 1824 carru.
407 1756 571 1824 XLVIII
588 1763 624 1822 ut
645 1759 682 1823 iu
704 1759 772 1839 cpso
795 1763 861 1824 6.6
891 1760 1005 1844 lepitar
1032 1761 1184 1842 scriptam
1215 1761 1263 1826 cel
1289 1761 1395 1842 potius
1419 1761 1609 1845 insculptam
1636 1765 1682 1826 cst
1708 1763 1856 1844 quattuor

190 1867 261 1944 post
282 1861 409 1945 Eupeni
430 1862 547 1928 obitam
569 1865 668 1928 annis
689 1883 721 1932 a.
740 1866 803 1928 661
814 1865 850 1947 ⁵).
1541 1853 1544 1858 ⁵

296 1983 334 2048 dc
356 2004 452 2048 carin.
467 2003 540 2064 app.
555 1982 607 2047 IL
628 1983 749 2066 attos0)
772 1983 914 2065 deceptus
933 1984 1066 2049 aditione
1081 1985 1272 2066 interpolata
1287 1984 1397 2069 Mtpni
1411 2005 1473 2049 nan
1490 1991 1569 2052 recte
1584 1985 1732 2052 iudicavi.
1770 2005 1856 2052 nnnc

194 2087 334 2152 semitam
356 2108 378 2150 a
402 2086 541 2151 Traubio
563 2090 769 2152 monstratam
789 2088 874 2169 sacia
894 2088 994 2152 aiant:
1017 2093 1063 2154 est
1085 2109 1211 2154 carucen
1228 2089 1354 2175 factum
1369 2110 1438 2154 cum
1446 2091 1705 2173 promulparctur
1726 2109 1765 2156 ea
1774 2109 1856 2170 pars
1971 2077 1975 2084 ’

195 2189 270 2271 lepis
297 2189 528 2274 Ve'sipothorum
558 2189 855 2256 Rccccsointhianae
884 2211 964 2272 qnae
994 2197 1038 2256 est
1072 2191 1114 2258 de
1148 2195 1269 2278 nuptiis
1296 2195 1427 2259 incestis
1436 2195 1463 2278 l)
1491 2195 1538 2259 cel
1567 2193 1608 2261 de
1636 2193 1793 2280 coniugiis
1822 2198 1856 2259 et

195 2291 362 2359 adulteriis
383 2293 548 2360 incestivis
556 2293 582 2376 ⁸)
599 2296 698 2376 ,66666
713 2295 911 2378 propositum
927 2296 1014 2376 picto
1035 2298 1190 2360 stemmati
1211 2298 1405 2380 cepnationis
1426 2298 1578 2363 ausmodi
1599 2298 1711 2380 qualia
1729 2297 1856 2379 potissi-

194 2417 278 2460 mum
299 2417 339 2462 ca
368 2396 596 2481 Visipothorum
619 2400 702 2464 iuris
724 2398 878 2464 codicibus
894 2399 1137 2480 publicaverunt
1166 2401 1230 2466 oiri
1257 2400 1383 2488 doctil).
1435 2405 1465 2467 ct
1490 2423 1525 2467 rc
1550 2423 1626 2468 ocra
1652 2421 1736 2466 unus
1765 2422 1855 2484 quem

195 2505 230 2564 ut
245 2501 418 2566 invenirem
440 2503 519 2567 mih-i
540 2504 668 2585 contipit
689 2503 843 2568 carminis
864 2502 959 2568 ccciccc
979 2506 1025 2568 est
1047 2504 1103 2586 qui
1124 2506 1260 2570 continet
1282 2505 1361 2589 lepcs
1383 2504 1610 2588 Visipothorum
1624 2506 1856 2572 Escorialcnsis

195 2603 239 2667 M
257 2604 322 2670 III
338 2605 361 2666 2
382 2607 465 2670 anni
486 2608 574 2670 1188
581 2608 633 2688 ¹⁰).
670 2627 726 2673 ncc
748 2611 852 2672 666666
874 2609 953 2689 quia
975 2608 1019 2673 ad
1040 2611 1179 2693 tempora
1195 2608 1411 2674 Reccescinthi
1431 2608 1630 2694 referendum
1653 2613 1698 2675 est
1720 2630 1855 2689 carruca,

194 2707 261 2772 idco
288 2707 433 2792 Eupenio
466 2730 587 2792 quoquc
614 2710 829 2776 tribuendum:
860 2730 938 2776 sanc
967 2715 1076 2776 coeunt
1103 2711 1277 2777 hexametri
1305 2716 1336 2776 ct
1362 2711 1497 2778 disticho
1523 2717 1559 2776 ut
1586 2713 1622 2777 in
1648 2713 1789 2778 66666666
1818 2714 1856 2778 de

195 2813 382 2895 bybliotheca
404 2814 450 2895 (p.
465 2813 555 2895 238),
577 2819 611 2878 at
637 2815 749 2879 insunt
770 2815 885 2880 menda
906 2816 1016 2898 qualia
1039 2815 1182 2900 Eapcnio
1208 2817 1308 2881 tribui
1333 2836 1398 2881 non
1420 2814 1552 2902 licet²¹).
1606 2837 1797 2899 quamquam
1826 2818 1855 2882 si

194 2918 265 2998 quis
280 2921 412 2999 propter
433 2937 545 2982 nomen
567 2918 695 3002 Eapeni
715 2919 752 2983 in
775 2920 865 2984 titulo
888 2921 1040 2985 traditum
1067 2921 1122 2986 hoe
1140 2921 1300 3001 posuerit:
1321 2921 1472 3003 scriptam
1494 2940 1558 2986 csse
1580 2941 1705 2987 carmen
1728 2920 1768 2986 ab
1787 2921 1855 3004 ipso

194 3021 332 3102 episcopo
353 3021 443 3085 iussu
464 3022 556 3105 repis,
572 3027 647 3104 post
670 3023 704 3086 in
735 3023 926 3088 reuocandis
954 3024 1109 3090 codicibus
1136 3025 1219 3088 iuris
1247 3029 1375 3090 auctum
1402 3024 1685 3109 interpolatumquc
1711 3061 1752 3074 —
1779 3023 1855 3088 haec

189 3125 322 3206 ponenti
343 3144 396 3208 epo
419 3144 483 3189 non
505 3126 703 3192 oblocuturus
724 3146 802 3192 sum.

297 3245 442 3329 Eupcnio
463 3245 610 3310 videntur
631 3267 669 3310 ca
690 3246 728 3310 dc
749 3265 846 3312 66666
868 3248 980 3314 tributi
1001 3267 1065 3313 esse
1086 3265 1197 3313 cereus
1217 3249 1370 3313 carminis
1391 3249 1421 3314 L
1443 3249 1498 3330 qui
1520 3252 1595 3314 sunt
1616 3265 1721 3313 omnes
1742 3247 1855 3312 Macci-

195 3349 437 3432 mianictcp.1,
460 3352 555 3428 1-6,
578 3350 736 3432 quoditie
758 3354 915 3416 6666616
944 3351 985 3417 de
1009 3351 1151 3417 adventu
1173 3352 1325 3437 propriae
1349 3353 1525 3418 senectutis
1553 3355 1617 3417 tam
1642 3351 1759 3416 acriter
1787 3354 1856 3416 crat

195 3455 389 3535 conquestus.
442 3457 546 3517 tamen
573 3454 629 3534 qui
656 3453 711 3519 hoc
735 3453 863 3539 furtum
888 3454 1018 3540 fecit¹²)
1041 3455 1131 3520 nohis
1160 3457 1297 3520 servarit
1326 3455 1541 3520 dominantum
1570 3475 1635 3520 non
1667 3455 1781 3520 inutile
1812 3454 1857 3519 ad

194 3557 432 3623 diiudicandam
451 3555 546 3638 fidem
566 3557 769 3624 Maaimiani
791 3559 938 3626 codicum.
971 3579 1080 3643 nempe
1095 3559 1239 3624 lectiones
1260 3559 1341 3625 duae
1361 3563 1429 3625 62
1450 3581 1492 3624 an
1514 3563 1544 3624 et
1564 3561 1657 3644 pigra
1679 3577 1744 3623 non
1764 3558 1856 3624 dabi-

196 3661 325 3727 tandum
345 3662 424 3744 quin
445 3679 599 3726 consensu
621 3662 759 3728 codicum
775 3662 809 3728 P
813 3683 874 3746 pp
896 3663 1097 3728 vindicentur
1119 3663 1293 3745 exemplari
1314 3664 1414 3730 alicui
1439 3667 1557 3728 vetusto
1578 3661 1662 3744 quod
1682 3662 1855 3746 intepriora

197 3765 328 3831 habebat
348 3764 442 3830 verba
458 3768 571 3846 poetae
593 3785 688 3847 qaam
710 3767 746 3831 in
768 3768 887 3832 nostris
902 3766 1065 3845 codicibus,
1088 3768 1184 3832 etiam
1206 3768 1242 3832 in
1256 3767 1412 3833 Etoncnsi
1429 3767 1585 3852 seruntur
1595 3766 1648 3849 ¹³).
1687 3765 1742 3830 hcc
1755 3766 1855 3848 ipItur

195 3869 353 3950 coemptor
374 3889 427 3952 epo
446 3889 479 3950 p.
494 3869 559 3933 281
582 3869 698 3934 edendo
720 3871 883 3935 restituere
905 3873 1035 3936 conatus
1057 3889 1138 3936 sum.

296 3989 446 4073 hymnum
468 3989 545 4054 LII
561 3990 625 4054 iam
647 3991 771 4056 saeculo
793 3990 868 4055 IX⁰
890 3990 1017 4074 Eupcni
1038 4008 1103 4056 esse
1125 3989 1300 4067 credebant,
1323 3990 1358 4054 id
1379 3989 1462 4072 qaod
1483 3987 1659 4070 comprobat
1686 3991 1715 4053 ct
1743 3988 1856 4055 titulus

194 4093 229 4156 in
251 4092 324 4159 Pet
346 4094 558 4159 testimoninm
579 4093 757 4172 Hildeoini;
779 4097 883 4159 666666
905 4112 961 4159 ars
983 4094 1111 4158 metrica
1134 4114 1227 4176 qaam
1249 4095 1400 4158 acerrime
1421 4092 1496 4158 huic
1509 4091 1643 4156 arbitrio
1657 4089 1854 4176 refrapatur.

299 4387 325 4454 1)
337 4385 400 4440 inde
411 4383 649 4451 attenuante,
662 4383 788 4438 Zeitcchr.
801 4382 823 4449 f.
838 4383 864 4439 d.
876 4384 970 4440 Altcrt.
983 4391 1051 4440 1877
1061 4403 1091 4455 p.
1102 4391 1193 4454 68666.
1223 4385 1259 4450 cs.
1270 4383 1358 4439 Ncuce
1369 4384 1471 4438 Archiv
1483 4383 1501 4438 I
1506 4383 1566 4451 Vp.
1577 4388 1633 4438 136.
1703 4382 1731 4451 2)
1743 4382 1855 4437 Delaem

196 4471 232 4527 lcr
249 4473 266 4527 l.
278 4473 296 4526 l.
305 4489 335 4542 p.
350 4479 380 4526 72
402 4488 466 4527 cers.
479 4479 502 4528 3.
542 4471 601 4526 dc'ai
623 4471 655 4525 dc
677 4469 728 4524 hac
750 4485 779 4524 rc
801 4469 890 4525 Neues
907 4471 1009 4526 Archiv
1030 4471 1144 4526 XXVI
1158 4489 1188 4540 p.
1201 4479 1252 4526 466
1268 4476 1324 4525 not.
1364 4469 1514 4525 tutandum
1532 4467 1603 4538 cuod
1620 4485 1702 4524 caan.
1723 4467 1776 4523 XI
1788 4469 1856 4523 dcccl

193 4557 225 4611 in
251 4557 281 4614 0.
378 4559 406 4628 3)
435 4558 509 4614 ates
534 4559 614 4614 acam
638 4557 784 4627 productio
810 4557 926 4612 66666666
953 4559 1087 4612 cccalinm
1110 4558 1251 4626 finalium,
1277 4573 1358 4627 qnam
1376 4556 1489 4611 6666666
1507 4556 1593 4626 Eup,
1615 4573 1638 4610 6.
1650 4561 1681 4610 tt
1698 4555 1854 4625 pinnivoIa,

195 4651 226 4700 26
245 4644 355 4701 timida.
442 4646 470 4716 4)
488 4651 550 4714 apte
566 4644 748 4700 demonstrant
765 4645 888 4699 Persium
905 4645 984 4699 ctiam
997 4650 1061 4714 post
1080 4645 1303 4716 Ityphoniannm
1320 4645 1351 4698 in
1370 4643 1510 4713 Hispania
1527 4643 1621 4698 lectam
1637 4657 1697 4697 esee.
1779 4643 1806 4711 5)
1819 4643 1854 4708 cs.

195 4731 281 4786 Neues
292 4731 395 4786 Archia
413 4732 430 4788 l.
443 4733 460 4788 l.
469 4750 499 4801 p.
512 4740 573 4787 166.
654 4733 682 4800 6)
695 4731 782 4786 Neues
793 4729 893 4784 Archiv
905 4732 921 4785 l.
932 4732 948 4784 t.
957 4747 987 4799 p.
1001 4739 1058 4787 161.
1140 4731 1168 4800 l)
1183 4731 1261 4785 Mon.
1276 4729 1493 4799 cenomanno-
1508 4726 1855 4784 summasunmna·

195 4817 272 4889 1661
289 4835 320 4888 p.
333 4825 417 4884 28,12
439 4819 558 4874 Zacmer.
656 4819 685 4888 8)
704 4819 745 4873 lca
769 4817 896 4888 Visipoth.
908 4823 932 4884 3,
956 4825 1006 4886 6,1
1025 4835 1055 4886 p.
1068 4825 1118 4872 166
1140 4817 1258 4873 Zenonem
1348 4818 1376 4886 9)
1399 4834 1420 4870 6.
1441 4813 1576 4882 Huscltlcc,
1598 4813 1752 4883 Iurispnod.
1769 4815 1854 4870 Ante·

197 4905 374 4960 Iustiniana·
389 4923 417 4974 p.
433 4911 544 4975 623666.
562 4911 586 4960 ct
603 4905 695 4972 chien
718 4903 841 4974 Visipolh.
855 4903 1017 4960 od.Zcurmr
1029 4922 1059 4973 p.
1073 4912 1124 4959 171.
1214 4904 1258 4973 10)
1281 4902 1491 4958 floriet-Laetae
1513 4899 1861 4972 bsbl.patr.Lat.Hisp.I

190 5008 219 5060 p.
232 4999 290 5047 191.
363 4994 406 5060 11)
418 4992 467 5046 abl.
482 4993 572 5048 forma
584 5010 606 5046 o.
618 4999 644 5060 8,
661 4992 754 5046 666666
762 4991 918 5060 praecanici
935 5009 957 5045 6.
971 5000 1008 5046 11.
1021 4999 1059 5046 16.
1136 4991 1177 5060 12)
1196 4991 1296 5045 scilicet
1307 4991 1338 5043 in
1350 4990 1410 5058 ipso
1422 4988 1511 5043 codice
1525 4987 1552 5042 P
1561 5003 1636 5057 pean
1648 5004 1729 5056 pram
1740 4989 1854 5043 6666666

195 5077 386 5146 indespolatum
396 5095 449 5133 csse
460 5078 575 5133 adimas
582 5096 612 5147 p.
627 5077 696 5133 XX.
718 5078 800 5133 XXI
807 5083 862 5132 not.
876 5085 892 5132 1
910 5077 988 5132 XLI
995 5083 1051 5133 nat.
1065 5085 1081 5133 6
1086 5097 1096 5144 ,·
1113 5095 1178 5131 nam
1195 5077 1242 5146 pai
1259 5093 1320 5132 curn
1337 5093 1367 5130 co
1384 5091 1417 5130 ccc
1427 5075 1565 5129 octsutiorc
1576 5075 1650 5140 sorde
1661 5073 1773 5130 amour·
1789 5081 1854 5130 sum

191 5183 212 5234 p
222 5170 247 5219 ct
258 5181 284 5232 6,
295 5171 463 5219 mserum
472 5165 586 5234 probum
598 5182 694 5220 nomon
701 5171 796 5234 poetae
809 5165 884 5219 Itali.
912 5181 1075 5234 airammum
1092 5163 1160 5233 qnid
1171 5163 1221 5218 sibi
1232 5163 1311 5218 aclint
1323 5161 1399 5216 caba
1416 5162 1448 5215 in
1462 5179 1481 5231 p
1497 5161 1549 5216 hos
1561 5177 1657 5218 uersus
1668 5159 1854 5217 maximianus

194 5271 256 5308 cum
272 5243 321 5311 iit
338 5254 367 5324 p'
384 5253 407 5306 f'
427 5251 585 5324 composuit
606 5258 677 5308 certo
698 5253 831 5322 apaan
847 5267 957 5320 nequeo:
975 5251 1089 5306 macine
1110 5251 1177 5305 mihi
1198 5251 1335 5306 emiumilc
1352 5253 1389 5304 cot
1406 5248 1545 5303 caronam
1561 5247 1644 5304 orare
1660 5249 1773 5304 coluisse
1789 5267 1853 5305 cum

196 5346 270 5398 esset
282 5341 427 5412 praefatus
440 5357 495 5410 pro
512 5359 576 5396 cum
588 5340 771 5411 praeferetur.
852 5340 894 5406 13)
906 5340 942 5405 cs.
956 5339 1037 5394 Arch.
1055 5339 1411 5409 6166.6666666.16,113.
1441 5341 1530 5390 canen
1546 5352 1608 5391 caste
1625 5353 1714 5391 omncs
1731 5337 1854 5392 aalma

197 5427 225 5482 Ρ
241 5429 342 5484 codicis
352 5429 481 5498 proprias
495 5427 630 5498 penninas
643 5427 812 5482 Maaimiani
824 5443 876 5481 csse
889 5432 980 5495 pates.-
998 5425 1096 5495 dipnac
1112 5425 1163 5493 fide
1181 5431 1244 5480 sant
1261 5426 1333 5480 solae
1349 5441 1394 5480 cae
1404 5441 1474 5492 auos
1489 5423 1612 5489 saleim
1624 5441 1647 5494 p
1661 5442 1687 5493 p.
1723 5423 1852 5478 librariae

193 5519 282 5570 arnan
295 5515 322 5570 P
332 5521 364 5570 ut
375 5532 452 5569 ccccm
464 5513 497 5568 de
508 5513 634 5581 Ercpenio
645 5519 754 5568 auctam
764 5513 888 5584 fraudem
897 5511 1102 5582 mobumliorcm
1114 5511 1234 5568 redderet
1245 5529 1334 5568 carmos
1347 5512 1449 5580 aliquot
1466 5510 1532 5564 locis
1544 5507 1706 5564 adulterasti
1723 5509 1853 5564 inducens

193 5609 243 5654 nt
260 5601 357 5658 tardus
374 5605 501 5666 martem,
520 5609 538 5655 1
560 5618 623 5656 nam
637 5619 710 5657 mors
728 5605 772 5657 cst
788 5599 899 5670 requies
905 5619 912 5665 ;
930 5615 1006 5654 cerac
1024 5605 1141 5654 666662
1157 5599 1274 5664 fumasse
1291 5600 1347 5668 ipsc
1364 5597 1474 5653 lectiam
1491 5613 1524 5652 oc
1541 5597 1614 5654 fesso
1626 5595 1749 5664 deceptus
1765 5603 1803 5652 cet
1820 5603 1853 5652 nt

197 5687 309 5752 essessa,
327 5687 433 5754 effosso,
451 5705 551 5743 nouom
568 5688 680 5756 6666666,
697 5693 763 5742 recte
780 5687 831 5742 sobi
847 5686 945 5756 finpcrc
962 5683 1100 5741 66666666.
