4590 6390
1098 377 1297 434 DRACON'PII

855 552 948 620 elada
971 554 1142 639 repentina
1164 553 1321 639 premitur
1342 552 1503 640 Pelopeia
1524 555 1626 639 virgo,

681 673 733 729 285
770 657 827 724 sed
851 664 962 724 tamen
984 657 1125 724 ultorem
1148 658 1249 744 patris
1273 658 1417 724 servavit
1440 656 1610 724 Orestem:

767 761 916 828 lauoibus
939 763 1082 849 eripiens
1105 783 1298 848 germanum
1319 761 1453 828 Electra
1475 763 1620 850 parentis

767 867 911 954 inposuit
932 865 1035 953 puppi
1057 886 1235 953 secumque
1258 866 1395 933 adduxit
1417 866 1557 933 Athenis

769 978 803 1038 et
824 972 910 1038 bene
934 972 1076 1037 sollicita
1098 970 1213 1038 studiis
1237 972 1440 1058 sapientibus
1462 972 1553 1039 addit

769 1077 970 1163 (quaeratis
993 1075 1126 1144 advexit
1148 1097 1272 1162 regem,
1295 1076 1379 1142 haee
1401 1077 1537 1165 pignora
1560 1078 1659 1164 regis,

681 1197 733 1254 290
768 1201 911 1268 spesque
934 1179 1211 1266 Agamemnonias
1234 1187 1268 1247 et
1290 1181 1407 1247 'Proiea
1428 1202 1511 1268 gana
1533 1182 1701 1269 reportat).

769 1285 862 1350 euius
886 1291 956 1351 erat
978 1283 1114 1350 nimium
1135 1284 1219 1350 lidus
1241 1285 1384 1371 Pylades
1407 1285 1545 1363 amioum

768 1390 921 1455 iunxerat
944 1388 1003 1454 hos
1027 1388 1169 1454 studium
1193 1389 1308 1455 sollers
1332 1395 1366 1454 et
1386 1390 1491 1475 gloria
1512 1390 1653 1476 linguae.

767 1493 854 1558 velle
877 1492 938 1557 luit
961 1513 1131 1558 commune
1154 1493 1232 1558 viris
1255 1498 1289 1558 et
1310 1493 1398 1559 nolle
1421 1491 1564 1560 duobus:

769 1595 946 1662 exercebat
968 1616 1051 1682 opus
1074 1597 1208 1664 iuvenes
1231 1597 1259 1662 si
1282 1597 1365 1662 farte
1387 1598 1584 1684 palaestrae,

682 1715 733 1770 295
768 1705 922 1786 pacatum
943 1700 1108 1766 laetamen
1131 1705 1218 1777 erat;
1240 1721 1300 1786 per
1322 1701 1425 1766 lustra
1448 1700 1593 1768 serarum

768 1803 954 1870 venandum
976 1803 1098 1870 iuerat:
1122 1804 1227 1870 aoeies
1251 1811 1391 1870 venatus
1414 1804 1573 1882 habebat;

770 1906 979 1994 cornipedem
1003 1907 1032 1973 ei
1054 1908 1192 1993 quisque
1215 1909 1323 1974 levem
1346 1908 1498 1977 tranabat
1520 1909 1670 1992 habenis,

768 2011 830 2077 hee
854 2012 968 2078 similis
991 2011 1134 2078 iaciebat
1155 2033 1260 2089 amor;
1282 2013 1464 2099 produeere
1487 2015 1562 2082 telis

769 2117 797 2181 si
819 2116 949 2182 fuerant
970 2117 1081 2197 animi,
1104 2116 1231 2182 iuvenis
1253 2117 1396 2185 iaeiebat
1417 2125 1571 2206 uterqua;

682 2237 735 2295 300
768 2221 936 2308 perbene
959 2220 1049 2286 lusus
1072 2227 1143 2286 erat
1165 2222 1284 2307 pueris,
1307 2223 1334 2287 si
1356 2224 1502 2290 oaleulua
1526 2229 1628 2290 esset:

769 2345 830 2392 neo
845 2325 931 2390 vinei
949 2324 1025 2410 (est)
1043 2325 1215 2411 quisquam
1229 2332 1377 2392 metuens
1400 2347 1462 2393 nee
1478 2329 1608 2394 vineere
1625 2327 1767 2394 fervens.

770 2429 817 2496 sio
839 2435 928 2496 amat
950 2435 1050 2515 atque
1073 2429 1164 2496 louet
1186 2450 1378 2516 germanum
1402 2429 1540 2498 Castora
1562 2431 1680 2498 Pollux

770 2540 804 2600 et
826 2534 960 2622 paribus
983 2535 1067 2599 votis
1090 2533 1259 2600 Pollucem
1283 2533 1400 2602 Castor
1422 2538 1552 2618 amavit,

768 2638 928 2704 mortibus
952 2637 1088 2704 alternis
1112 2644 1146 2704 et
1168 2639 1254 2705 vitae
1279 2638 1398 2706 damna
1420 2647 1608 2727 repensant.

682 2757 734 2812 305
855 2741 1002 2807 vestibus
1024 2740 1170 2807 induitur
1192 2741 1300 2828 Tyriis
1323 2742 1487 2810 homioida
1509 2751 1543 2810 et
1565 2744 1693 2810 adulter

770 2851 803 2910 et
825 2846 965 2932 poenale
989 2851 1087 2933 eaput
1107 2846 1207 2932 oingit
1229 2845 1382 2914 diadema
1404 2869 1585 2916 eoruseum.

769 2957 936 3035 tamquam
958 2950 1123 3036 legitimus
1145 2950 1243 3016 heres
1266 2951 1523 3037 Agamemnonis
1547 2954 1641 3020 aulae

770 3055 820 3141 (et
841 3054 947 3140 magis
970 3055 1124 3122 heredem
1147 3063 1347 3122 convenerat
1369 3077 1444 3123 esse
1467 3057 1637 3145 Thyestis)

769 3160 870 3226 intrat
892 3165 926 3225 et
948 3159 1098 3225 orbatum
1121 3180 1182 3246 per
1204 3160 1334 3246 singula
1357 3163 1484 3248 quaerit
1506 3160 1668 3230 Orestem.

683 3391 735 3447 310
771 3379 823 3439 ast
844 3371 901 3436 ubi
923 3391 976 3438 res
999 3369 1151 3436 Danaum
1175 3369 1323 3436 defossas
1346 3371 1447 3438 sensit
1469 3369 1614 3458 Egirtus,

769 3476 928 3542 Troianas
952 3479 1098 3560 raptaret
1120 3493 1200 3560 opes
1223 3494 1300 3559 spes
1322 3495 1388 3540 una
1411 3476 1579 3542 manebat:

769 3581 829 3645 bas
853 3599 982 3665 quoque
1006 3579 1160 3664 cognovit
1182 3579 1268 3663 regis
1293 3599 1366 3644 eum
1389 3579 1525 3665 pignore
1550 3587 1674 3666 captas.

770 3689 901 3749 aestuat
922 3683 1095 3771 inpatiens,
1120 3680 1205 3768 quod
1229 3682 1320 3767 regni
1343 3703 1463 3748 nomen
1487 3685 1583 3749 inane

770 3786 915 3872 effendit,
939 3787 1015 3873 quia
1035 3785 1143 3873 perdit
1166 3807 1255 3873 opes,
1280 3787 1399 3872 quibus
1422 3807 1497 3853 esse
1520 3793 1679 3874 tyrannus

684 3911 735 3967 315
770 3898 881 3980 posset
904 3898 938 3958 et
960 3892 1079 3956 armari
1101 3890 1253 3977 ferroque
1276 3911 1418 3978 auroque
1442 3893 1577 3958 valeret.

477 4087 530 4142 285
546 4103 602 4142 aare
623 4087 779 4140 abitareaten
797 4085 823 4138 Β
891 4082 1013 4138 280-88
1019 4093 1080 4150 post
1097 4081 1150 4136 290
1156 4091 1261 4149 poema
1275 4083 1396 4136 Butram
1408 4069 1540 4156 Itoarlrerp¹
1605 4085 1656 4139 281
1674 4087 1822 4141 athenasii
1891 4087 2031 4143 28888111-

375 4177 455 4228 citum
473 4175 532 4241 BA,
551 4174 780 4228 corallotluaaler
848 4173 971 4239 sapientia
988 4171 1014 4221 B
1101 4169 1153 4224 289
1176 4171 1266 4224 abexit
1290 4171 1352 4236 regit
1375 4171 1459 4238 ireque
1476 4173 1586 4240 pignora
1603 4172 1636 4237 Β,
1658 4174 1765 4226 adueuit
1781 4192 1868 4243 regem
1887 4177 1949 4230 haee
1966 4195 2029 4243 quo-

375 4264 547 4330 quepignora
564 4262 590 4315 A
659 4259 712 4314 290
729 4262 845 4328 Spesque
862 4261 898 4310 rie
910 4258 961 4310 BA
1030 4259 1206 4325 agamemnias
1219 4257 1244 4308 Β
1314 4266 1372 4310 ante
1389 4274 1457 4324 gaza
1474 4260 1661 4312 rarus-auratas
1674 4261 1773 4314 tittertoe
1786 4260 1811 4311 Β
1841 4319 1848 4330 .
1880 4260 1931 4314 291
1950 4262 2033 4314 erfaB

410 4350 509 4418 pilades
527 4351 620 4404 amoris
638 4349 664 4400 A
734 4345 786 4400 292
804 4344 1014 4413 Iunexeratlllror
1033 4347 1142 4412 (romara
1158 4345 1235 4396 anina
1253 4344 1363 4406 litterae)
1376 4343 1401 4394 Β
1470 4344 1698 4412 utereturne,
1716 4341 1895 4401 Paeeutu'maei
1966 4352 2034 4402 sarar

375 4437 415 4487 m'l
438 4436 551 4502 amplius
567 4435 594 4486 Β
691 4432 742 4488 297
766 4435 788 4486 si
810 4435 869 4502 quis
887 4433 996 4486 eelerem
1014 4431 1107 4498 Meaty
1221 4427 1273 4482 298
1290 4432 1370 4483 Hune
1387 4431 1420 4494 A,
1442 4433 1498 4484 llos
1516 4431 1644 4500 Rorrberp
1731 4435 1866 4500 proludere
1884 4434 1986 4502 nuely,
2005 4444 2033 4486 at

376 4522 410 4589 ef.
436 4523 490 4574 irad.
512 4540 533 4576 r.
552 4540 575 4574 o.
599 4523 740 4590 producere
827 4517 902 4587 talliis
933 4519 997 4588 (suit
1017 4520 1130 4587 sortasse
1153 4515 1234 4585 tellis)
1259 4517 1285 4570 Β
1388 4517 1439 4570 299
1463 4520 1592 4571 iubalenis
1615 4519 1649 4586 B,
1673 4519 1786 4572 iubilans
1805 4521 1838 4584 A,
1857 4539 1926 4575 corr.
1939 4521 2033 4590 Mttlrly

410 4607 463 4661 300
480 4627 529 4662 om.
548 4609 573 4660 A
643 4611 695 4662 Par
716 4626 783 4662 uene
806 4609 879 4660 insns
897 4607 930 4671 B,
949 4625 1016 4659 corr.
1029 4605 1181 4657 Rothmaler
1250 4605 1324 4657 nisus
1342 4604 1436 4671 Peiper
1505 4607 1543 4656 sio
1561 4606 1663 4658 oeullua
1680 4623 1709 4658 es
1726 4609 1765 4658 nil
1781 4609 1894 4676 amplius
1913 4609 1944 4672 B,
1964 4626 2032 4662 corr.

376 4695 537 4761 Iietlrrtaler,
558 4697 602 4762 qut
619 4704 705 4749 tamea
727 4697 783 4748 ibat
805 4692 884 4760 (esset
900 4693 1002 4761 Matly,
1024 4695 1079 4745 exit
1095 4691 1233 4758 Roaoderyl
1321 4689 1371 4744 301
1390 4709 1420 4744 88
1437 4692 1626 4758 umerqurequt'a
1643 4692 1690 4760 13¹,
1709 4677 1762 4748 Ned
1780 4693 1970 4762 uineeqnisqni
1987 4695 2034 4754 13²,-

377 4790 417 4835 eat
435 4783 498 4836 add.
512 4782 633 4835 Bltlrrem
720 4783 824 4836 uincere
845 4798 933 4834 aereus
950 4781 976 4830 Β
1070 4778 1123 4833 902
1140 4787 1257 4845 amataq,·
1276 4781 1348 4831 louet
1364 4779 1390 4830 B
1468 4787 1555 4844 paster
1571 4781 1677 4848 apollux
1695 4781 1721 4832 Β
1820 4781 1873 4836 303
1894 4791 1952 4850 post
1973 4783 2033 4834 lueie'

377 4877 463 4938 pastor
484 4871 581 4923 amabit
603 4869 629 4921 Β
722 4865 773 4921 904
792 4869 919 4922 Ventibns
938 4867 963 4918 Β
984 4867 1026 4931 (aa
1044 4867 1108 4932 305)
1211 4863 1263 4919 ³05
1287 4867 1454 4918 incontrato
1479 4884 1497 4917 a
1515 4867 1551 4917 B¹
1576 4867 1695 4919 oritarum
1718 4869 1745 4920 in
1768 4869 1885 4936 marpine
1909 4870 2034 4936 inferiore

377 4956 481 5008 addidit
502 4956 539 5007 B'
643 4953 694 5009 307
716 4957 777 5008 aule
795 4955 821 5007 B
921 4953 973 5007 308
992 4957 1026 5006 dt
1043 4954 1075 5006 L.
1088 4953 1194 5020 Malller,
1213 4955 1253 5006 ab
1272 4955 1366 5019 Perper
1451 4954 1521 5006 tietis
1544 4953 1569 5004 B
1650 4963 1711 5021 poet
1733 4952 1784 5007 309
1809 4957 1882 5007 lriare
1899 4955 2034 5006 historiam

376 5043 440 5096 vidit
457 5044 577 5096 Bltlrrem
647 5041 700 5096 310
717 5044 819 5096 defessa
837 5042 870 5108 Β,
885 5042 1036 5095 deleasasA
1106 5039 1158 5092 312
1176 5059 1250 5108 reges
1268 5041 1294 5092 Β
1362 5049 1446 5094 uastas
1459 5039 1491 5106 Β,
1509 5048 1595 5109 raptas
1608 5041 1642 5107 A,
1659 5043 1761 5094 correxi
1829 5039 1881 5094 313
1899 5042 2035 5095 ExtuatB

411 5129 463 5182 314
480 5131 600 5184 Ostendit
617 5129 642 5180 A
733 5127 785 5184 815
802 5147 899 5198 auram,
917 5129 942 5180 A

481 5333 534 5388 294
563 5333 607 5390 Oe.
627 5335 696 5390 tutat.
715 5343 739 5402 4,
758 5342 784 5402 4,
795 5341 829 5389 61
851 5333 930 5404 virgo
956 5332 1090 5402 Pelopeia
1115 5331 1255 5402 Iplripeaia
1358 5333 1410 5390 290
1434 5332 1506 5401 Vere.
1526 5333 1594 5387 Aea.
1613 5337 1638 5401 3,
1657 5339 1691 5388 64
1718 5349 1761 5388 rea
1789 5333 2033 5412 Agamemnonias.

378 5438 448 5492 Aea.
462 5446 483 5504 1,
497 5445 545 5494 119
563 5438 647 5495 Troia
664 5457 735 5509 geza
753 5441 859 5510 (9169)
928 5437 980 5494 293
999 5436 1621 5505 809166180888801188808088111818.
1650 5437 1686 5502 es.
1698 5436 1783 5490 Drue.
1797 5443 1950 5503 13616161
1968 5443 2035 5492 aeta

412 5543 465 5598 294
485 5542 530 5597 Oe.
543 5547 601 5598 met.
614 5549 637 5610 6,
650 5550 699 5597 111
722 5543 759 5597 ad
776 5559 847 5613 opus
865 5543 972 5599 nitidae
995 5542 1124 5598 iuvenale
1143 5543 1302 5612 palaestrae
1406 5543 1459 5600 304
1483 5542 1677 5612 Ver9.Aen.6‚
1691 5548 1735 5595 121
1758 5541 1781 5595 ai
1800 5541 1915 5596 tratrem
1935 5541 2035 5596 Pollux

378 5648 491 5704 alterna
508 5651 596 5704 morte
615 5647 733 5704 redemit
751 5647 796 5716 (cs.
810 5647 859 5702 Sti.
875 5656 898 5718 9,
911 5656 965 5704 296.
985 5655 1022 5718 13,
1034 5654 1093 5704 606.
1114 5646 1211 5704 Claud.
1222 5653 1262 5716 33,
1275 5651 1321 5717 68)
