4554 6396
933 376 1111 434 uotiuum
1128 377 1153 434 V

609 550 712 616 cinxit
734 557 769 618 et
790 551 832 616 ed
854 553 984 639 plantas
1006 558 1188 639 prostratus
1211 553 1337 639 plangit
1359 573 1482 640 egenus

522 670 574 726 265
608 654 803 741 belligerum
820 676 880 722 ceu
894 677 1015 723 numen
1031 655 1180 723 habena.²
1208 656 1284 722 dum
1302 677 1422 744 pronus
1438 657 1606 740 adhaeret,

608 758 719 824 divitis
743 765 857 846 optata
878 762 1067 847 praesentia
1089 760 1220 828 turbida
1242 763 1357 827 rostris

609 862 755 950 adparet.
799 865 982 930 conclamat
1006 865 1098 952 inops
1119 860 1323 950 ‘succurrite
1346 868 1450 934 cives!

608 969 686 1034 civis
709 967 804 1034 adest
825 969 987 1035 violentus
1011 975 1105 1035 atrox
1127 991 1202 1036 msa
1224 969 1292 1036 fata
1315 973 1493 1058 requirens,

609 1092 706 1158 quem
729 1072 810 1138 nihil
832 1072 963 1153 offendi,
986 1074 1049 1138 nisi
1071 1073 1158 1160 quod
1181 1095 1253 1140 snm
1274 1095 1400 1162 pauper
1422 1076 1591 1142 honestus.

521 1191 574 1248 ato
609 1195 686 1241 ecoe
709 1175 915 1261 triumphalis
939 1175 1148 1242 metuendum
1173 1176 1313 1243 dextera
1334 1179 1455 1244 ferrum

607 1279 641 1344 id
663 1279 751 1364 quod
773 1279 807 1346 in
828 1280 966 1346 hostiles
988 1281 1117 1366 iugulos
1141 1301 1183 1345 ex
1205 1281 1288 1347 urbe
1312 1282 1427 1364 tulisti,

607 1382 642 1448 in
664 1381 776 1448 Patria
798 1403 953 1450 revocare
975 1384 1080 1450 velis?
1102 1405 1145 1450 ne
1168 1385 1296 1451 viscera
1317 1387 1430 1452 matris

607 1487 814 1574 transadigas
836 1488 958 1574 gladio,
981 1489 1109 1555 laceres
1133 1509 1174 1554 ne
1196 1488 1345 1554 membra
1367 1492 1526 1576 parentis,

606 1611 690 1676 quaa
713 1597 746 1656 te
768 1591 947 1678 palmiferis
973 1591 1085 1658 docuit
1107 1613 1300 1659 concurrere
1323 1594 1408 1660 telis.

520 1711 572 1766 275
606 1716 717 1782 parce,
740 1717 865 1783 precor,
888 1697 1009 1762 ferrata
1031 1717 1158 1763 manus:
1186 1698 1295 1762 eirilia
1318 1699 1402 1765 eolla

606 1821 648 1866 ne
671 1799 781 1880 ferias,
805 1821 889 1886 quae
912 1821 1024 1866 mucro
1047 1807 1122 1867 tuus
1145 1800 1293 1868 defendit
1315 1801 1356 1869 ab
1379 1801 1483 1868 hoste.

607 1904 650 1968 sit
670 1903 774 1991 pudor
795 1911 893 1990 atque
916 1905 1009 1970 nefas
1033 1907 1227 1991 extinguere
1251 1905 1378 1993 proelia
1400 1926 1517 1992 campo

607 2013 640 2073 et
663 2013 783 2075 mortes
805 2009 983 2075 transferre
1006 2007 1098 2076 foro?
1141 2011 1288 2076 lamenta
1310 2009 1436 2075 minora

607 2111 770 2178 credimus
792 2112 919 2178 auditu:
944 2112 1037 2178 dolor
1060 2119 1110 2179 est
1131 2119 1282 2200 spectare
1305 2113 1487 2196 cadentem,

520 2231 572 2289 000
607 2215 724 2283 funera
746 2217 816 2283 sive
839 2217 942 2282 oeulis
965 2217 1074 2283 virum
1097 2217 1217 2284 vidisse
1241 2217 1384 2284 cadaver

608 2341 681 2386 cum
703 2321 804 2408 gemit
826 2327 860 2386 et
880 2322 1022 2388 moriens
1045 2322 1269 2388 tremibundos
1292 2323 1432 2410 palpitat
1454 2327 1555 2389 artus.

606 2427 749 2513 mugitus
772 2447 851 2512 quos
873 2426 929 2492 ille
952 2426 1044 2492 dabit
1065 2447 1124 2512 per
1145 2427 1273 2492 moenia
1295 2448 1430 2515 pauper,

607 2551 681 2596 cnm
702 2531 802 2616 vulgo
826 2535 995 2616 spectante
1018 2529 1124 2612 cadat,
1148 2551 1222 2596 cum
1245 2532 1394 2598 membra
1416 2553 1532 2600 cruore

606 2633 780 2722 perfundat
802 2633 1006 2716 moribunda,
1029 2635 1099 2700 solo
1123 2656 1197 2700 cum
1218 2635 1346 2702 mordet
1369 2636 1541 2703 harenam!

519 2755 570 2812 aas
606 2739 767 2826 anguibus
790 2739 984 2826 implicitum
1007 2738 1122 2805 credas
1144 2739 1312 2806 Laoconta
1336 2747 1533 2826 gementem.

607 2844 654 2909 sic
678 2843 774 2910 decet
796 2850 832 2908 ut
854 2843 947 2910 fortis
970 2844 1084 2928 lassos,
1107 2849 1144 2908 ut
1166 2843 1259 2910 dives
1283 2851 1429 2931 egentes,

606 2949 696 3014 cives
719 2949 798 3014 ciris
822 2953 932 3012 amas?
956 2953 1013 3012 eut
1036 2949 1082 3012 sic
1106 2947 1291 3014 defenditur
1313 2950 1450 3016 insons?

605 3054 634 3118 si
656 3074 769 3119 vocem
792 3052 966 3118 simulacra
988 3051 1113 3134 darent,
1136 3059 1194 3117 tua
1217 3054 1310 3140 signa
1332 3061 1504 3140 rogassent

606 3164 640 3224 et
662 3157 754 3223 dolor
776 3157 840 3224 ista
862 3155 954 3222 daret
976 3155 1133 3223 deflendis
1157 3159 1259 3224 rerba
1281 3160 1442 3245 querelis:

519 3278 571 3337 200
604 3261 677 3346 ‘dic,
700 3262 827 3328 iuvenis
850 3261 951 3343 dives,
974 3261 1099 3348 patriae
1123 3261 1175 3326 dic
1199 3263 1292 3328 fortis
1317 3269 1456 3328 amator:

606 3367 634 3432 si
655 3388 782 3454 pauper
805 3387 880 3432 rous
904 3373 963 3449 est,
987 3373 1043 3432 tua
1066 3365 1143 3450 quid
1165 3367 1315 3452 peccavit
1337 3367 1455 3452 imago,

605 3472 735 3536 virtutis
758 3475 969 3536 monumenta
991 3473 1089 3534 tuae?
1113 3468 1192 3555 quid
1215 3470 1309 3534 testis
1333 3469 1492 3536 honorum

605 3574 759 3639 temnitur
781 3580 816 3638 et
838 3573 963 3659 patriae
985 3571 1162 3638 foedantur
1184 3574 1315 3638 moenia
1338 3571 1501 3639 nostraef'

604 3677 687 3743 haec
709 3675 953 3742 simulacrorum
976 3697 1041 3741 vox
1064 3682 1126 3752 est;
1149 3675 1345 3762 Petriaeque
1369 3677 1531 3763 gementis

518 3799 571 3856 295
606 3780 684 3847 audi
706 3781 807 3848 verba
829 3787 922 3846 tuae:
944 3775 1074 3845 ‘merito
1097 3785 1130 3844 te
1153 3779 1242 3844 laeta
1265 3780 1383 3862 creavi,

605 3886 763 3952 infantem
786 3884 909 3971 gremio
932 3883 1035 3963 tenui,
1058 3883 1156 3948 simul
1177 3883 1281 3948 ubera
1302 3903 1405 3970 parvo

605 3988 693 4056 Vrbs
715 3995 821 4056 mater
843 3985 1051 4054 tremibunda
1072 3985 1149 4053 dedi
1172 3987 1336 4053 cunabula
1358 3991 1538 4074 praestans,

605 4116 702 4182 quem
724 4098 968 4182 praetextatum
990 4092 1105 4158 iaculis
1128 4090 1303 4178 proludere
1325 4093 1423 4158 iussi:

604 4199 755 4287 impubes
777 4199 842 4264 iam
865 4197 959 4264 fortis
982 4217 1065 4280 eres,
1087 4195 1228 4262 invictus
1250 4194 1382 4261 adultus

518 4321 570 4379 000
604 4311 638 4370 et
659 4303 786 4370 iuvenis
808 4301 920 4369 victor.
964 4299 1088 4366 sedne
1111 4299 1280 4366 fraudatus
1303 4301 1413 4367 abires

605 4408 754 4473 fortunae
777 4425 970 4494 quocunque
993 4403 1088 4484 bono,
1112 4404 1250 4490 largitur
1272 4405 1426 4486 honores,

604 4511 733 4578 divitias
756 4509 893 4592 confert,
915 4507 1028 4574 tribuit
1050 4529 1109 4595 per
1131 4507 1220 4575 bella
1242 4507 1434 4595 triumphos.

605 4623 640 4682 et
660 4637 720 4702 pro
743 4621 792 4680 tot
813 4613 939 4680 meritis
962 4613 1063 4678 instas
1086 4611 1203 4678 orbare
1226 4619 1397 4699 parantem

603 4720 739 4807 pignora
762 4738 926 4806 percusso,
949 4718 1001 4782 cui
1023 4717 1070 4781 nil
1093 4715 1222 4781 fortuna
1245 4715 1404 4782 bonorum

518 4841 570 4898 005
605 4823 743 4890 eontulit
764 4823 885 4888 iniusto
909 4841 1049 4888 censens
1072 4820 1294 4887 moderamine
1318 4820 1442 4886 fatum?

604 4930 631 4994 si
652 4929 735 4994 ratio
758 4933 800 4992 te·
814 4927 903 4992 nullo
925 4931 1044 5008 movet,
1067 4925 1095 4991 si
1118 4932 1229 4992 mente
1252 4930 1390 4990 cruenta

310 5155 362 5210 268
380 5159 461 5212 Diues
479 5159 561 5212 Dalm
629 5155 682 5210 272
700 5157 807 5225 patriam
821 5155 913 5221 Haupt
981 5152 1033 5207 274
1053 5170 1177 5206 concurre
1195 5153 1226 5203 N
1298 5149 1351 5206 280
1368 5154 1424 5206 sine
1443 5152 1475 5220 N,
1493 5171 1560 5206 cerr.
1574 5154 1655 5208 Dabo
1733 5153 1785 5208 284
1803 5157 1866 5208 Per·

207 5245 299 5297 runnu
316 5245 437 5298 aaran
518 5243 570 5299 aas
588 5247 724 5298 musone
741 5242 864 5294 autre„
941 5227 1232 5294 reanimarem
1308 5236 1360 5290 aaa
1378 5245 1501 5304 rogarent
1512 5238 1592 5290 ocae
1679 5237 1732 5292 304
1750 5241 1813 5292 nrnn
1837 5241 1868 5291 rr

241 5329 294 5384 305
311 5349 422 5398 penms
443 5331 572 5385 Baetem
658 5329 710 5386 306
732 5335 819 5385 movet
836 5329 972 5394 Bitrdrler,
990 5330 1061 5382 fouet
1079 5326 1110 5377 N

310 5537 363 5592 274
383 5537 560 5607 01000000
577 5535 673 5594 decuit
690 5537 805 5608 paribus
823 5553 986 5594 concurrere
1004 5533 1070 5592 telis
1138 5532 1188 5588 281
1207 5532 1240 5599 rs.
1253 5529 1336 5586 iader
1352 5529 1525 5601 rubpalpito
1595 5532 1647 5588 283
1663 5532 1701 5587 ed
1718 5531 1802 5591 orat.
1818 5541 1863 5590 792

241 5641 295 5698 294
312 5639 413 5696 Patrio
430 5642 572 5699 inducitur
589 5641 736 5700 munuum
750 5642 800 5698 Cic.
815 5642 870 5698 Oet.
885 5651 908 5711 ι,
921 5649 952 5697 17
962 5657 1015 5711 sqq.
1085 5639 1137 5696 305
1156 5637 1299 5695 censensi.
1311 5637 1415 5692 tristato
1431 5653 1515 5693 cenea
1533 5635 1675 5692 00800000
1691 5638 1783 5704 satum
1801 5639 1859 5692 rias

1606 5741 1655 5798 la‘
1726 5759 1731 5768 ·
