4590 6390
976 379 1136 436 onustas

624 554 757 641 Pyladis
780 560 905 621 tantum
928 556 1031 622 iacies
1056 577 1122 622 non
1144 561 1244 624 terret
1266 559 1415 626 amicum.

623 659 709 726 inter
729 659 865 726 delicias
889 660 994 748 epulis
1016 660 1180 748 regalibus
1203 667 1298 749 aptas

537 780 589 836 865
625 765 727 831 esurit
749 771 782 830 et
804 764 930 831 facibus
945 765 1146 852 prohibetur
1168 771 1302 854 tangere
1325 789 1465 836 mensas.

625 869 672 934 sie
695 869 823 934 inferna
844 869 949 935 fames
972 871 1079 936 animo
1103 877 1273 959 torquetur
1294 873 1404 939 inane:

624 972 763 1059 prandia
785 973 989 1060 conspiciens
1013 973 1151 1062 dapibus
1174 975 1323 1042 conferta
1345 980 1516 1063 potentum

625 1075 772 1162 ingemit,
795 1097 834 1142 ae
856 1076 965 1142 nullus
988 1077 1079 1143 cibus
1103 1083 1163 1162 est,
1186 1077 1244 1144 sed
1266 1080 1373 1165 imago
1397 1078 1555 1160 ciborum,

625 1199 707 1266 quos
730 1201 792 1246 nec
815 1186 852 1246 ut
874 1179 1022 1267 adtingat
1044 1181 1128 1248 furia
1151 1182 1323 1248 cohibente
1346 1189 1483 1249 vetatur.

538 1300 590 1359 860
626 1285 704 1371 quid
725 1285 847 1352 iaciat?
893 1307 973 1373 quos
995 1285 1051 1353 ille
1075 1287 1164 1369 deos,
1187 1308 1272 1374 quae
1294 1287 1428 1352 numina
1450 1307 1590 1375 poscens

624 1391 734 1456 eliciat
756 1393 921 1478 supplex?
966 1392 1019 1458 rel
1043 1391 1140 1458 tertia
1162 1413 1265 1478 regna
1287 1392 1425 1479 fatiget?

709 1495 786 1561 dum
809 1495 933 1563 deflent
955 1518 1069 1564 omnes
1093 1502 1127 1563 et
1149 1503 1219 1564 tota
1241 1498 1406 1586 plangitur
1428 1499 1513 1580 aula,

625 1600 709 1666 alter
731 1599 827 1666 adest
849 1601 1001 1687 gemitus,
1025 1602 1128 1668 tristis
1151 1601 1299 1668 doloret
1321 1608 1429 1670 metus
1451 1604 1574 1690 ingens.

625 1711 763 1772 venerat
778 1705 1030 1772 Andromachae
1054 1705 1185 1772 soboles
1207 1705 1388 1794 Pyrrhique
1411 1707 1576 1774 Molossus

537 1825 589 1882 865
624 1811 763 1876 ultorem
786 1810 944 1897 genitoris
968 1831 1080 1898 336111.
1123 1810 1267 1898 Pylades
1290 1810 1443 1878 Orestem

624 1914 711 1980 tollit
733 1919 766 1981 ct
789 1919 943 1981 externas
966 1915 1168 1980 subtractum
1191 1915 1290 1980 mittit
1312 1915 1354 1981 ad
1376 1937 1461 1982 oras.

623 2020 720 2085 litora
743 2019 935 2105 contigerat,
957 2018 1088 2086 fuerant
1110 2019 1166 2086 ubi
1189 2019 1311 2108 templa
1332 2018 1460 2086 Dianae
1484 2057 1526 2069 -

624 2144 695 2190 mos
718 2123 776 2190 ubi
799 2143 917 2189 saevus
941 2128 1026 2188 erat:
1050 2123 1151 2190 miser
1173 2123 1301 2190 advena
1322 2123 1453 2190 victima
1475 2123 1552 2190 ferri

624 2227 755 2293 ducitur
777 2263 818 2274 —
841 2231 971 2293 erectus
994 2247 1072 2293 mox
1095 2233 1161 2294 stat
1182 2228 1318 2293 vittatus
1341 2227 1382 2294 ad
1406 2249 1491 2296 aras.

537 2348 589 2407 870
624 2331 705 2397 vidit
726 2337 772 2412 ut,
796 2337 942 2396 armetur
963 2329 1051 2417 quod
1074 2331 1161 2398 ferro
1187 2329 1254 2417 (ex)
1280 2352 1368 2398 more
1391 2331 1557 2414 sacerdos,

625 2436 782 2523 expulsus
805 2442 928 2502 terrore
951 2436 1055 2502 furor:
1079 2457 1165 2502 mors
1188 2437 1338 2523 proxima
1363 2440 1506 2503 mentem

625 2539 765 2606 reddidit
787 2547 821 2606 et
842 2546 968 2629 partem
992 2539 1135 2606 tribuere
1158 2539 1298 2606 adversa
1320 2541 1449 2618 salutis;

624 2665 700 2711 nam
725 2645 827 2712 miser
848 2644 1052 2731 ingeminans
1068 2643 1316 2732 Agamemnona
1339 2663 1437 2733 saepe
1460 2647 1596 2712 vocavit.

626 2749 775 2816 audierat
798 2749 914 2816 sollers
937 2747 1111 2836 Iphigenia
1133 2769 1252 2815 nomen
1267 2747 1406 2814 Atridis:

536 2873 590 2928 875
626 2853 756 2934 hostia,
780 2851 841 2934 dio,
865 2853 938 2940 quis
954 2874 1039 2934 eras,
1062 2858 1119 2920 aut
1134 2873 1192 2918 cur
1206 2852 1457 2939 Agamemnona
1471 2854 1627 2922 clamas?

627 2958 758 3024 saucius
782 2957 838 3024 ille
861 2957 977 3024 refert:
1000 2955 1074 3044 ‘ego
1098 2979 1169 3023 sum
1191 2957 1396 3024 miserandus
1419 2957 1555 3025 Orestes

624 3067 729 3129 matre
753 3060 994 3150 Clytaemestra
1016 3061 1157 3147 genitus,
1181 3067 1336 3149 regnator
1351 3061 1484 3129 Atrides

624 3173 738 3233 noster
761 3171 832 3232 erat
854 3162 1003 3253 genitor?
1046 3187 1111 3231 non
1135 3166 1220 3232 ultra
1241 3186 1339 3253 passa
1360 3167 1546 3254 loquentem

626 3271 765 3358 proiecit
787 3269 926 3337 cultrum
949 3291 1107 3357 percussa
1128 3270 1234 3336 fronte
1257 3269 1426 3337 sacerdos:

539 3391 591 3449 880
626 3373 763 3457 ι161ιί16,
788 3374 969 3456 carnifices,
993 3373 1191 3460 trepidantia
1214 3374 1361 3440 membra
1382 3375 1489 3460 ligati:

624 3479 783 3566 sanguiue
806 3477 907 3544 corda
930 3484 1051 3560 carent,
1075 3499 1141 3544 nou
1165 3485 1215 3544 est
1238 3478 1321 3545 haec
1344 3477 1453 3545 hostia
1474 3480 1590 3566 grata.³

623 3583 708 3650 dixit
731 3589 765 3650 et
787 3588 924 3650 exutum
946 3583 1036 3648 vittis
1060 3582 1235 3650 summovit
1260 3581 1301 3648 ab
1324 3603 1391 3666 ara,

625 3688 776 3756 omnibus
800 3687 941 3754 exclusis
963 3709 1029 3754 non
1052 3707 1087 3754 ss
1109 3693 1211 3776 negat
1233 3709 1308 3756 esse
1333 3709 1494 3769 sororem;

332 3895 385 3950 856
416 3895 532 3949 Esuriret
561 3893 681 3946 faucbus
711 3891 737 3944 Β
840 3887 892 3942 866
919 3889 962 3941 Sic
989 3905 1026 3940 au
1052 3889 1091 3940 Sit
1117 3888 1242 3941 incertum
1268 3889 1294 3940 Β
1389 3890 1492 3944 interna
1520 3893 1612 3962 Mltlsly
1698 3896 1764 3948 fame
1796 3913 1884 3948 somno

228 3985 354 4052 Roerberp
436 3983 509 4036 inani
535 3980 629 4048 Matty
726 3975 777 4032 867
804 3977 919 4032 Grandis
944 3977 1080 4044 conspicue
1108 3975 1134 4026 B
1210 3983 1328 4030 conserta
1355 3977 1380 4028 A
1474 3977 1526 4032 859
1552 3983 1623 4045 Quos
1649 3983 1722 4034 noc&
1748 3983 1886 4050 adtingunt

228 4071 415 4125 suriacoibsnte
433 4075 536 4122 natatur
553 4067 586 4132 Β,
604 4069 676 4132 Ques
693 4083 742 4119 neo
760 4073 790 4118 ut
807 4065 919 4133 attingat
935 4065 1004 4117 iuria
1020 4064 1190 4144 accumbente
1207 4071 1310 4117 notatur
1327 4064 1353 4116 A
1423 4082 1456 4117 ne
1473 4067 1609 4134 contingat
1626 4068 1747 4121 Bdlsrerse
1817 4071 1885 4122 suria

228 4159 364 4212 cohibente
388 4157 483 4224 Hagen
574 4151 627 4206 860
647 4155 708 4206 cleos
728 4169 796 4220 quae
821 4152 854 4217 A,
877 4153 938 4204 deos
960 4169 1011 4220 quo
1034 4151 1059 4202 B
1131 4158 1238 4218 poscant
1263 4150 1289 4201 B
1381 4149 1431 4204 861
1455 4159 1485 4204 111
1508 4153 1541 4214 Β,
1570 4170 1603 4205 au
1626 4153 1660 4220 A,
1687 4157 1728 4208 vel
1751 4156 1884 4222 Roasberq,

228 4253 275 4298 aut
295 4245 407 4298 6611611111
502 4239 554 4296 862
572 4241 667 4293 deflent
684 4239 718 4303 A,
737 4240 882 4307 deplsctent
899 4239 925 4290 Β
1011 4236 1063 4290 863
1081 4239 1154 4291 Alter
1175 4237 1208 4303 B,
1233 4239 1307 4291 Ultor
1324 4239 1349 4290 A
1436 4237 1489 4293 865
1507 4240 1643 4308 piladisA
1737 4241 1789 4295 866
1806 4243 1886 4295 Tollit

228 4339 255 4386 et
273 4331 306 4395 A,
324 4331 419 4384 Tollite
437 4329 463 4380 B
540 4335 660 4382 externas
678 4327 711 4392 Β,
732 4335 861 4378 extremas
879 4325 904 4376 A
995 4321 1046 4376 867
1072 4327 1160 4378 Latera
1183 4327 1311 4379 conticere
1329 4327 1361 4391 Β,
1385 4327 1485 4378 Littors
1509 4328 1677 4381 constiterant
1694 4328 1719 4378 A
1789 4329 1834 4380 ubi
1852 4329 1884 4392 B,

228 4420 265 4472 ibi
283 4417 308 4468 A
396 4414 448 4472 868
466 4416 512 4469 11111
530 4431 625 4468 saevus
643 4413 678 4478 A,
695 4413 786 4465 serbus
804 4413 850 4464 ubi
868 4412 900 4476 Β,
919 4411 955 4463 ibi
973 4428 1066 4463 saevus
1084 4411 1235 4465 Rothmaler
1316 4409 1368 4464 869
1385 4419 1484 4464 erectas
1497 4411 1649 4466 Rothmaler
1718 4432 1777 4467 mox
1795 4416 1885 4467 statui-

228 4513 299 4559 tatus
312 4505 344 4571 Β,
363 4521 423 4557 mcx
440 4505 495 4572 ipse
515 4509 631 4555 staturus
650 4501 675 4551 A
761 4497 922 4552 8707111611
940 4499 968 4562 (n
985 4498 1148 4564 661868
1216 4505 1331 4551 armatur
1348 4497 1394 4560 3¹,
1416 4507 1529 4551 minetur
1547 4498 1611 4550 B'A
1681 4501 1749 4567 quod
1767 4504 1833 4553 terro
1852 4501 1886 4566 A,

229 4610 278 4644 om.
291 4591 389 4644 tamena
405 4606 494 4642 noum
505 4587 664 4656 serelitteris
682 4595 745 4654 apta
758 4585 783 4637 Β
846 4603 878 4638 ex
891 4585 985 4637 maadi
1053 4593 1168 4638 armatur
1181 4587 1248 4638 ferro
1266 4586 1380 4638 demone
1391 4585 1518 4654 Rcarberp
1587 4582 1637 4638 871
1656 4604 1724 4640 mors
1736 4587 1768 4650 Β,
1788 4587 1884 4639 moxA

263 4676 441 4731 elambuere
454 4678 488 4739 A,
507 4673 640 4730 triuersB
708 4671 866 4726 8781166111
879 4671 905 4723 Β
973 4669 1025 4724 874
1037 4673 1155 4740 siligenis
1168 4673 1201 4739 B,
1213 4669 1390 4740 ephigeniaA
1459 4672 1594 4724 atridaeA
1663 4669 1716 4728 875
1732 4671 1885 4725 clamansB

262 4761 409 4818 87618118
428 4763 461 4829 B,
480 4764 579 4831 36900
673 4757 830 4827 8801131118
849 4758 909 4826 BA,
927 4775 995 4812 corr.
1013 4758 1165 4813 Rothmaler
1258 4757 1309 4813 881
1335 4768 1425 4813 carent
1445 4759 1478 4824 Β,
1501 4758 1641 4812 micantA
1737 4757 1789 4812 882
1811 4760 1885 4812 uittis

228 4851 344 4904 admonit
361 4849 394 4914 A,
412 4851 474 4903 uitis
492 4846 623 4902 aumonius
640 4845 665 4898 B

332 5030 385 5086 854
416 5029 462 5085 Oc.
481 5033 539 5083 met.
559 5035 582 5094 6,
600 5033 653 5083 688
675 5025 785 5098 regales
809 5025 918 5096 epulae.
960 5023 1065 5093 Coripp.
1085 5023 1152 5078 Iast.
1172 5029 1264 5092 3,128
1289 5022 1363 5080 inter
1385 5023 1509 5080 delicias.
1548 5025 1753 5098 3871631163
1778 5023 1885 5096 epulas.

228 5135 263 5200 cs.
276 5141 300 5202 3,
311 5139 361 5188 317
445 5133 497 5188 856
514 5136 708 5201 occuparentur
732 5129 867 5199 Lapithae
884 5145 906 5182 o.
922 5127 997 5198 Verp.
1014 5129 1080 5182 Aen.
1100 5135 1124 5196 6,
1136 5134 1186 5184 603
1199 5143 1268 5198 sqq,-
1294 5126 1415 5199 ingemit
1433 5133 1459 5183 et
1481 5130 1594 5184 vetatur
1615 5127 1805 5199 maianqeadc
1825 5144 1886 5182 cara

228 5239 337 5294 inferna
356 5237 445 5292 lamas
532 5235 585 5294 860
604 5235 711 5290 Roas.
731 5243 781 5291 970
798 5233 867 5304 quid
884 5232 975 5304 agat?
992 5251 1065 5304 quae
1083 5231 1199 5288 numina
1221 5232 1341 5304 supplex
1363 5232 1495 5288 invocet?
1581 5233 1631 5288 861
1656 5230 1701 5287 Oc.
1714 5248 1765 5286 aas.
1778 5238 1803 5300 3,
1815 5237 1841 5298 6,
1852 5239 1887 5287 60

228 5341 315 5400 tertia
342 5359 431 5412 regna
456 5341 631 5407 (16318684
654 5337 744 5410 Lyqd.
761 5345 786 5408 6,
807 5339 858 5404 27).
886 5337 923 5406 ct'.
941 5337 999 5394 iad.
1015 5354 1036 5392 s.
1057 5354 1080 5392 o.
1106 5336 1207 5394 tertius
1319 5337 1371 5393 867
1396 5337 1502 5392 Lucan.
1520 5345 1545 5404 8,
1564 5342 1600 5392 33
1621 5335 1707 5392 litora
1728 5334 1886 5406 contigerat

263 5443 614 5511 elementarem
636 5441 807 5514 tigridasex
829 5459 905 5498 more
926 5441 1055 5498 sacerdos
1069 5481 1076 5498 .
1091 5481 1121 5498 ..
1149 5444 1230 5496 curat
1333 5440 1385 5496 873
1409 5439 1486 5511 Very.
1504 5439 1572 5495 Aera.
1589 5445 1614 5508 7,
1636 5447 1682 5498 760
1705 5439 1885 5496 Creusam...

230 5549 406 5622 ingeminans
430 5547 588 5618 iterumque
616 5545 773 5616 iterumque
798 5544 897 5602 vocavi
1000 5546 1051 5601 881
1080 5545 1111 5600 X
1134 5551 1184 5601 746
1210 5543 1347 5616 sanguine
1373 5543 1498 5602 membra
1525 5545 1629 5599 carent.
1668 5541 1724 5598 iam
1752 5559 1807 5598 non
1832 5541 1887 5600 erit

229 5652 323 5710 hostia
339 5655 424 5724 grata
