4554 6396
934 369 1137 426 DRACON'I'H
1171 367 1219 424 ΒΕ
1236 366 1418 424 LAVDIBVS
1435 367 1497 421 DEI
1533 367 1546 421 I

827 567 986 635 quaerere
1009 566 1070 612 nec
1093 543 1194 611 sudor
1216 543 1340 610 fructus
1364 562 1568 630 quocumque
1590 541 1705 608 labore

827 651 953 738 cogitur
976 655 1033 716 aut
1056 671 1189 736 campos
1213 648 1321 735 aliquo
1345 648 1386 714 de
1409 647 1500 714 tonte
1523 648 1648 733 rigere;

827 754 930 820 imbre
953 753 1048 820 ferox
1070 754 1170 834 nullo,
1193 753 1312 840 pluviis
1335 751 1529 818 absentibus
1551 751 1635 818 uber

826 880 963 945 caespes
985 865 1020 924 et
1041 857 1173 924 arbitrio
1197 857 1316 924 crescit
1338 856 1445 923 fetura
1468 856 1593 922 marito.

826 969 1000 1051 praeterea
1022 963 1102 1028 solis
1125 961 1220 1028 datus
1243 967 1294 1026 est
1315 961 1407 1027 locus
1431 961 1487 1026 illc
1510 960 1652 1026 duobus:

828 1066 953 1133 deliciis
976 1066 1143 1132 hominum
1165 1071 1295 1132 tantum
1319 1071 1521 1131 constructus
1545 1066 1655 1153 opacis

826 1193 890 1238 nec
912 1171 1057 1259 placidas
1081 1175 1353 1254 sustentatores,
1376 1191 1442 1236 non
1465 1190 1522 1236 ore
1546 1175 1709 1250 cruentas,

828 1277 991 1364 unguibus
1015 1281 1158 1342 armates
1181 1275 1287 1341 nescit
1309 1274 1456 1362 perterre
1478 1274 1640 1358 volucres,

826 1403 923 1448 omne
947 1402 1050 1467 genus
1072 1379 1235 1468 pecudum
1257 1380 1372 1464 nescit,
1396 1400 1499 1466 genus
1523 1400 1619 1446 omne
1644 1378 1796 1446 terarum.

827 1487 915 1552 solus
937 1485 985 1551 ibi
1007 1485 1144 1572 inrepsit
1165 1505 1338 1570 squamoso
1361 1504 1494 1570 corpore
1518 1504 1656 1571 serpens

828 1589 998 1657 fraudibus
1020 1590 1165 1656 imbutus
1187 1589 1312 1670 mortis,
1336 1595 1434 1677 caput
1458 1607 1553 1654 omns
1577 1589 1746 1671 malorum,

829 1701 963 1784 pectore
986 1695 1121 1782 vipereo
1145 1693 1307 1760 mellitum
1330 1713 1373 1758 ex
1396 1714 1452 1758 ore
1476 1713 1640 1759 vencnum

827 1802 964 1867 funereo
987 1799 1048 1866 sub
1071 1798 1169 1864 dente
1193 1819 1312 1886 perans
1336 1802 1509 1884 spumante
1532 1797 1653 1884 palato.

827 1925 906 1990 ergo
930 1903 976 1968 ibi
997 1903 1081 1968 livor
1104 1900 1200 1982 edax,
1224 1907 1352 1966 coctum
1376 1905 1530 1988 serpente
1554 1922 1717 1968 venenum

827 2007 968 2074 invidiae
991 2005 1152 2072 mordacis
1174 2005 1300 2071 habens
1324 2004 1385 2070 sub
1409 2004 1516 2070 fronte
1540 2004 1699 2088 modeste,

829 2112 958 2200 quaerit
980 2131 1077 2197 opem
1100 2109 1229 2191 sceleri,
1252 2129 1312 2196 per
1335 2129 1432 2196 quam
1454 2108 1586 2175 fallatur
1607 2109 1763 2177 honestas

828 2215 1086 2303 simplicitasque
1110 2212 1205 2280 cadat
1228 2213 1280 2279 vel
1303 2212 1435 2280 credula
1458 2213 1559 2280 corda
1581 2220 1708 2282 reatum

828 2321 995 2385 incurrant
1017 2339 1082 2383 non
1104 2316 1220 2384 fraude
1244 2339 1312 2398 sua,
1337 2317 1396 2384 sed
1420 2315 1513 2384 clede
1535 2319 1680 2405 perenni.

826 2424 924 2490 tortia
946 2422 1045 2489 corda
1068 2423 1129 2487 viri
1151 2443 1217 2488 non
1240 2421 1459 2509 expugnanda
1483 2443 1543 2509 per
1565 2443 1707 2508 anguem

827 2527 1011 2616 praesensit
1033 2525 1165 2614 pietatis
1188 2525 1284 2612 inops
1308 2531 1342 2592 et
1365 2525 1512 2613 coniugis
1535 2547 1632 2594 aures

828 2630 1020 2718 adgreditur
1042 2629 1102 2695 sub
1125 2650 1207 2695 voce
1230 2629 1296 2717 pia,
1320 2651 1470 2696 sermone
1494 2631 1635 2716 maligno

827 2735 1005 2801 insidiosus
1029 2733 1097 2800 adit
1113 2733 1178 2798 heu
1200 2733 1310 2800 mollia
1332 2732 1430 2799 corda
1450 2735 1596 2820 puellas:

828 2839 948 2925 ingerit
969 2859 1025 2904 ore
1048 2837 1139 2903 cibos
1163 2837 1287 2903 crudeli
1310 2837 1426 2904 funere
1449 2838 1574 2923 plenos.

827 2942 878 3008 his
901 2941 1005 3008 semel
1026 2940 1206 3028 adsumptis
1229 2945 1419 3007 reserantur
1440 2941 1566 3006 lumina
1589 2940 1695 3007 cordis

827 3068 866 3112 ac
887 3046 1051 3132 permixta
1072 3044 1167 3110 bonis
1190 3045 1295 3131 patuit
1317 3044 1466 3110 doctrina
1488 3045 1658 3114 malorum.

826 3150 986 3237 paenituit
1008 3150 1154 3215 nescisse
1177 3148 1280 3236 dapes
1303 3154 1337 3214 et
1358 3148 1479 3214 damna
1500 3154 1658 3236 putantur

825 3253 982 3341 temporis
1006 3254 1114 3319 exacti
1137 3253 1254 3340 spatia.
1300 3252 1480 3340 procedere
1503 3253 1597 3340 psius

826 3378 942 3424 ausum
966 3357 1087 3444 quippe
1109 3357 1216 3422 netas:
1240 3361 1379 3443 temptet
1401 3356 1537 3422 seducta
1560 3358 1710 3424 maritum

827 3467 862 3528 et
884 3461 970 3548 capit
992 3461 1153 3526 insontem
1174 3461 1239 3526 iam
1262 3461 1361 3525 noxia
1383 3461 1505 3526 femina
1527 3461 1660 3528 victum.

826 3567 1047 3632 circumventa
1069 3565 1163 3652 perit,
1188 3563 1245 3630 sed
1271 3565 1516 3652 circumscripta
1537 3564 1666 3631 lst'ellit.

826 3690 887 3735 nec
911 3669 1174 3755 circumscriptor
1196 3689 1334 3754 serpens
1356 3669 1479 3755 inpune
1502 3668 1690 3755 triumphat.

825 3793 902 3838 nam
924 3777 1096 3860 postquam
1120 3777 1153 3838 et
1175 3772 1301 3838 iuvenis
1325 3772 1447 3838 violata
1469 3778 1578 3838 mente
1603 3771 1745 3838 comedit

824 3877 977 3942 funereos
1001 3875 1073 3942 sine
1095 3875 1170 3962 lege
1193 3876 1285 3941 cibos
1309 3876 1342 3940 in
1365 3882 1470 3942 morte
1493 3876 1635 3960 tuturus,

826 4001 903 4046 mox
925 3980 1013 4066 sapit
1035 3979 1161 4060 infelix,
1186 3977 1262 4065 quid
1284 4000 1432 4066 pravum,
1456 3978 1534 4065 quid
1557 3980 1601 4046 sit
1623 3979 1812 4048 honestum:

828 4084 961 4170 cognita
984 4083 1186 4170 simplicitas,
1211 4083 1270 4148 sed
1293 4103 1370 4150 mox
1393 4089 1445 4149 est
1468 4082 1566 4150 corde
1588 4084 1713 4172 fugata.

642 4175 826 4185 .-.-.—-—

410 4264 438 4314 ic
458 4261 624 4316 otoo-65.
643 4258 770 4315 469-74.
789 4255 912 4311 477-84

514 4363 567 4420 452
584 4367 669 4418 lmbrs
685 4367 752 4416 terat
769 4364 802 4429 Β,
821 4381 889 4415 corr.
902 4361 994 4429 Pciper
1072 4359 1183 4428 plllllllu
1200 4378 1269 4412 nunc
1287 4361 1320 4425 Β,
1338 4361 1426 4429 pluuis
1444 4363 1541 4428 lauerat
1559 4361 1593 4412 Μ
1657 4363 1686 4414 ic
1696 4365 1753 4431 fiac
1771 4381 1818 4416 uer
1835 4364 1868 4430 Β,
1887 4382 1932 4417 aer
1951 4365 2013 4429 M²;
2031 4365 2067 4432 cs.

412 4453 478 4520 Eury.
577 4449 629 4506 453
647 4459 673 4505 st
689 4451 767 4520 may„
785 4469 817 4504 ex
834 4451 873 4516 Β,
892 4469 925 4504 ex
943 4450 1034 4502 delenit
1052 4450 1099 4500 M*
1197 4448 1248 4502 455
1266 4451 1399 4502 hominnm
1417 4449 1466 4500 M*
1484 4450 1560 4517 Eup,
1579 4447 1742 4518 om(n)iu(m)
1760 4451 1792 4516 Β,
1811 4453 1900 4503 ouium
1924 4451 2003 4504 VRU

409 4537 462 4591 456
479 4540 583 4606 placida
600 4538 633 4604 Β,
652 4556 719 4591 corr.
732 4539 778 4589 M*
796 4537 862 4604 Eup.
932 4543 1055 4588 cruentus
1073 4536 1107 4599 B,
1123 4553 1191 4588 corr.
1201 4536 1245 4586 Μ’
1262 4535 1329 4602 Eup.
1399 4534 1450 4588 457
1469 4538 1551 4589 nescit
1568 4540 1635 4590 tsrre
1651 4538 1685 4601 B,
1702 4540 1736 4606 cs.
1747 4538 1822 4605 mc„
1842 4541 1917 4592 scrire
1942 4539 2020 4590 VRU

409 4621 461 4678 459
478 4627 515 4678 ibi
529 4625 558 4690 0,
574 4626 620 4678 ubi
639 4625 664 4676 Β
737 4623 790 4677 460
806 4625 921 4676 imbutus
941 4623 1137 4688 0‚a1‹1utusB
1210 4621 1262 4674 462
1280 4623 1358 4690 palati
1375 4622 1401 4672 B
1475 4620 1526 4674 463
1544 4624 1580 4674 ibi
1600 4621 1628 4687 0,
1646 4625 1692 4676 nbi
1709 4625 1828 4677 radendo
1846 4642 1914 4677 corr.
1932 4625 1962 4676 in
1979 4626 2016 4677 ibi
2034 4625 2068 4689 Β,

410 4711 457 4762 nbi
476 4725 492 4769 ς
510 4710 576 4778 Eup.
664 4718 802 4764 contusum
820 4711 896 4763 dente
913 4710 989 4776 Eup..
1013 4717 1115 4762 coctum
1138 4709 1187 4761 sub
1212 4710 1287 4760 dente
1311 4709 1406 4761 Grcrse
1495 4708 1547 4762 464
1565 4711 1669 4761 Inuidia
1688 4711 1711 4761 0
1780 4712 1887 4763 modesti
1911 4710 1933 4762 0
2015 4709 2069 4764 465

409 4789 513 4850 sceleris
526 4815 594 4865 para
611 4797 686 4850 codd
704 4797 770 4865 Eup.
840 4815 917 4864 quem
937 4797 959 4848 Ο
1025 4797 1131 4848 sellatur
1149 4795 1175 4845 Β
1255 4792 1305 4848 471
1325 4797 1375 4848 hsu
1394 4797 1419 4846 B
1436 4795 1513 4862 Ειιρ,
1530 4795 1624 4847 iemO
1699 4794 1751 4848 474
1768 4796 1868 4849 HccO
1934 4797 2020 4865 patuit
2039 4795 2068 4862 0,

409 4885 485 4936 tatuit
501 4883 528 4936 B
613 4883 665 4938 476
683 4886 781 4938 exactis
798 4885 872 4953 pacis
884 4884 909 4935 Β
986 4881 1037 4935 477
1054 4885 1157 4935 Ausum
1176 4881 1204 4948 0,
1224 4883 1278 4934 Aut
1294 4882 1345 4935 suti
1363 4883 1388 4934 Β
1457 4881 1509 4935 478
1527 4885 1626 4936 uictum
1646 4882 1764 4952 01009,
1783 4884 1811 4936 in
1828 4884 1854 4935 B
1871 4893 1958 4936 suram
1976 4885 2068 4936 uincto

409 4972 490 5038 sorar
507 4989 543 5022 aa
560 4973 652 5026 iuncti]
670 4973 782 5025 discerni
799 4972 898 5039 nequit·
915 4979 1002 5039 potest
1023 4971 1070 5022 doc
1087 4987 1175 5022 umaro
1193 4987 1245 5022 esse
1349 4967 1401 5022 480
1418 4971 1624 5038 circumscriptor
1641 4971 1674 5036 Β,
1693 4972 1887 5038 circumscripta
1905 4970 1972 5037 Euq.
1989 4979 2012 5022 ct
2026 4969 2067 5034 0¹,

409 5074 475 5124 quoe
493 5065 578 5111 tamea
593 5059 653 5124 ipra
669 5076 686 5111 a
702 5059 753 5112 sice
769 5076 836 5126 qaae
854 5058 911 5110 alia
927 5058 979 5125 fait
996 5055 1070 5122 (nam
1082 5064 1166 5122 potest
1190 5057 1388 5109 mediatricem
1410 5065 1498 5108 notam
1518 5057 1650 5125 archetypi
1671 5074 1737 5123 quac
1759 5066 1795 5110 cst
1814 5076 1865 5125 pro
1889 5075 1919 5109 or
1941 5057 2068 5108 imitatem

409 5141 473 5212 aare)
491 5145 519 5196 in
536 5164 552 5198 ο
568 5146 675 5198 mamcit
777 5143 828 5197 481
847 5152 873 5198 et
892 5145 938 5196 OB
959 5141 999 5212 (in
1016 5145 1063 5196 ltce
1080 5161 1162 5211 capra
1184 5143 1279 5196 tiaram
1302 5142 1444 5210 additam),
1468 5161 1516 5195 om.
1535 5143 1602 5211 Eup.
1621 5144 1665 5194 Μ’
1752 5144 1866 5196 uiolenta
1882 5143 1929 5209 13¹,
1948 5161 2016 5196 corr.
2029 5143 2068 5194 13²

444 5231 554 5284 comedit
570 5231 596 5283 B
615 5231 691 5300 unq„
709 5233 807 5302 peregit
827 5232 850 5284 0
920 5229 972 5283 482
990 5233 1094 5283 tuturus
1112 5229 1188 5298 Eup„
1208 5232 1309 5282 tuturos
1329 5229 1375 5280 OB
1443 5227 1497 5282 484
1513 5231 1558 5282 red
1575 5230 1608 5296 B,
1627 5238 1653 5284 et
1670 5231 1748 5298 uoq„
1765 5230 1852 5284 ocaO
1917 5231 2068 5297 simplicitas

411 5333 472 5368 mox
490 5324 529 5370 sst
545 5335 562 5370 a
578 5319 691 5372 cordsO
756 5320 833 5372 corda
849 5317 875 5369 B

514 5469 567 5524 458
584 5469 622 5524 cd
633 5485 657 5524 c.
668 5477 720 5526 284
808 5469 861 5527 468
878 5469 1292 5537 efirtlc.Av.curm.2‚140m‚
1311 5467 1356 5521 ubi
1374 5467 1466 5524 cadem
1483 5470 1615 5526 sarteatrir
1628 5471 1712 5541 plane
1728 5467 1790 5523 aliia
1807 5467 1888 5524 catis
1904 5467 2033 5524 induitur

409 5556 462 5612 472
485 5555 561 5626 Verp.
573 5557 641 5613 Aen.
653 5565 678 5627 4,
691 5562 746 5613 308
764 5555 869 5612 crudeli
886 5556 983 5614 funere
1069 5556 1122 5612 473
1139 5555 1243 5610 Arctor
1260 5563 1281 5624 1,
1296 5561 1345 5610 610
1362 5555 1468 5611 lumina
1486 5556 1589 5614 cordis¹
1664 5556 1717 5612 484
1733 5555 1767 5622 cs.
1787 5554 1856 5611 Hor.
1875 5559 1926 5610 sat.
1941 5563 1963 5624 1,
1983 5563 2007 5624 0,
2026 5562 2068 5612 63.

410 5642 482 5712 ‘Wl-
494 5651 516 5712 1,
535 5649 559 5712 ²2
578 5651 595 5702 3
