4554 6396
844 361 998 420 aventin
1033 362 1268 421 SATISFAOTIO

599 568 626 610 a
643 537 733 624 aspis
756 537 857 604 hahet
878 543 1027 621 mortem,
1049 539 1150 606 habet
1173 545 1206 606 et
1228 538 1445 606 medicamina
1467 562 1614 629 serpens,

505 656 541 716 eo
687 641 801 728 vipera
824 663 925 730 saepe
948 643 1049 726 iuvat,
1071 645 1184 731 vipera
1207 665 1307 732 saepe
1329 651 1435 712 nocet.

643 766 741 812 cerva
764 746 917 812 salutaris
939 753 1033 833 parto
1057 755 1210 835 serpente
1232 748 1373 815 medella
1396 755 1457 832 est,
1547 808 1552 814 .

686 850 861 916 conficiunt
882 851 1074 939 pelluntque
1097 853 1171 940 ipsa
1192 875 1322 920 venena
1344 875 1454 921 neces.

641 955 781 1021 materia
802 955 879 1022 ferri
903 956 1044 1043 simplex
1067 962 1101 1023 et
1122 957 1224 1022 noxia
1246 964 1388 1024 constat:

599 1089 625 1130 w
685 1059 795 1146 inpius
818 1057 894 1125 inde
918 1066 1024 1142 nocet,
1048 1061 1187 1126 rusticus
1210 1061 1286 1126 inde
1308 1062 1427 1148 placet.

505 1177 540 1234 65
643 1163 714 1249 ipsa
736 1164 822 1250 parit
843 1184 990 1250 gemmas
1013 1165 1175 1251 pretiosos
1197 1170 1286 1231 terra
1307 1166 1448 1252 lapillos,

686 1267 759 1354 ipsa
782 1266 837 1334 det
860 1273 894 1334 et
915 1289 1035 1355 vepres
1059 1269 1174 1356 spinea
1196 1269 1288 1355 ligna
1310 1290 1411 1335 rosus.

641 1369 779 1437 delicias
802 1377 990 1458 mortesque
1014 1377 1109 1460 parat
1132 1393 1220 1438 mare
1243 1373 1396 1439 fluctibus
1419 1375 1522 1440 altum

686 1481 720 1541 et
742 1481 879 1562 generat
900 1477 1011 1563 pelagi
1034 1477 1170 1542 concula
1192 1476 1332 1542 divitias.

599 1609 624 1650 u
645 1599 722 1645 aere
743 1581 920 1666 temperies
944 1581 1032 1647 auris
1056 1581 1211 1646 uitalibus
1235 1587 1337 1668 aptat,

505 1696 539 1755 70
687 1703 772 1770 quae
796 1690 949 1770 corrupta
971 1683 1041 1750 dies
1064 1685 1198 1771 corripit
1220 1693 1319 1772 atque
1341 1685 1467 1753 animas

643 1787 730 1854 diras
754 1788 806 1854 vel
828 1787 976 1876 placidas
1000 1789 1120 1855 retinet
1141 1795 1259 1856 natura
1281 1789 1445 1857 volucres:

684 1892 807 1958 blenda
829 1893 981 1958 columba
1003 1894 1072 1958 avis
1097 1898 1156 1976 est,
1179 1915 1297 1981 aspera
1320 1896 1430 1961 vultur
1453 1896 1530 1962 avie.

642 1997 785 2063 nubibus
807 1998 953 2084 aggestis
976 1997 1108 2084 pluviae
1131 1995 1189 2062 ni'x
1211 1997 1335 2084 grando
1358 2001 1475 2087 pruine

599 2129 624 2170 so
685 2100 864 2186 gignuntur
885 2100 1011 2166 vicibus
1034 2100 1147 2167 ordine
1171 2102 1245 2188 lege
1268 2103 1344 2188 poli.

504 2218 538 2274 75
644 2205 694 2270 eol
716 2203 773 2270 det
795 2205 983 2292 temperies,
1007 2205 1134 2291 species
1157 2205 1345 2292 gratissima
1366 2206 1487 2288 mundi,

687 2314 804 2374 cuncte
827 2308 967 2374 creanda
989 2329 1120 2396 parans,
1145 2315 1262 2376 cuncta
1284 2315 1395 2377 creata
1416 2310 1541 2396 locens,

643 2431 704 2500 per
726 2433 824 2498 quam
847 2411 928 2478 fetat
950 2411 1067 2478 humus
1090 2414 1187 2480 flores
1209 2419 1243 2478 et
1264 2414 1383 2480 messis
1407 2416 1538 2492 aristcs;

686 2517 756 2583 sole
778 2522 932 2604 perustus
956 2537 1036 2603 ager
1057 2517 1162 2604 putris
1186 2537 1287 2583 arena
1308 2518 1405 2584 iacet.

598 2651 624 2692 ss
642 2642 778 2708 corpore
800 2622 851 2687 sol
874 2621 979 2688 reficit
1000 2620 1099 2687 radiis
1122 2627 1155 2688 et
1178 2641 1315 2709 corpora
1337 2628 1447 2704 vexat,

504 2739 539 2798 80
687 2725 809 2792 solibus
831 2725 965 2792 alternis
987 2726 1077 2812 itque
1100 2725 1248 2812 reditque
1272 2726 1371 2793 selus.

643 2831 752 2895 omnia
774 2850 835 2896 nec
857 2829 945 2895 mala
967 2835 1043 2895 sunt
1064 2850 1126 2896 neo
1148 2837 1224 2896 sunt
1242 2832 1328 2897 bona
1351 2830 1460 2898 sidera
1482 2832 1579 2899 caeli:

684 2933 818 3000 Lucifer
840 2934 902 3000 hoc
925 2933 1045 3018 docuit,
1069 2935 1172 3002 Sirius
1191 2935 1256 3028 *hoc
1279 2935 1399 3001 docuit.

642 3039 818 3124 temperies
841 3038 926 3106 caeli
947 3038 1092 3106 medium
1114 3061 1175 3106 nec
1198 3040 1344 3127 possidet
1366 3040 1488 3122 orbem,

600 3173 627 3215 ω
687 3163 763 3208 nam
786 3142 827 3208 de
851 3142 993 3231 quinque
1016 3145 1122 3232 plagis
1145 3145 1202 3210 rix
1224 3144 1326 3212 hebet
1347 3145 1420 3231 ipsa
1442 3143 1536 3212 duas.

503 3263 537 3320 85
642 3245 729 3334 qnod
752 3247 889 3330 eaelum,
913 3247 997 3333 quod
1020 3254 1119 3330 terra,
1142 3247 1272 3332 fretum,
1296 3249 1383 3335 quod
1404 3249 1515 3335 purior
1536 3269 1594 3315 ner

685 3370 750 3416 non
772 3370 923 3417 meruere
946 3350 1051 3432 simul,
1075 3351 1136 3417 hoe
1159 3351 1256 3418 homo
1279 3351 1409 3438 qnando
1433 3351 1553 3419 hebet?

643 3455 741 3542 eulpa
762 3453 843 3520 mihi
865 3455 974 3522 luerat
996 3454 1144 3521 dominos
1167 3457 1305 3522 reticere
1328 3455 1491 3522 modestos

684 3559 898 3645 ignotumque
920 3559 1000 3624 mihi
1023 3558 1167 3625 scrihere
1190 3580 1252 3626 neo
1275 3559 1451 3642 dominum,

598 3694 623 3736 a
642 3663 747 3749 qualis
770 3669 805 3728 et
825 3664 971 3749 ingratos
996 3664 1152 3750 sequitur,
1177 3665 1232 3750 qui
1255 3670 1366 3730 mente
1389 3664 1537 3751 profana,

502 3785 538 3842 90
685 3788 759 3832 cum
781 3766 949 3832 dominum
971 3769 1087 3851 norint,
1111 3767 1199 3834 idola
1221 3788 1306 3834 vana
1329 3769 1450 3834 colunt.

641 3871 888 3938 Isrehelitarum
911 3872 1068 3959 populum
1091 3873 1139 3938 sie
1162 3874 1259 3960 oulpa
1281 3873 1427 3956 tenebat,

685 3974 814 4061 quando
839 3974 940 4042 oblita
962 3976 1059 4042 deum
1082 3977 1176 4064 plebs
1198 3977 1336 4043 vitulum
1359 3977 1461 4043 coluit

643 4084 809 4146 ettamen
831 4081 1005 4167 indulgens
1029 4082 1158 4147 veniam
1182 4081 1394 4167 poscentibus
1417 4086 1530 4147 auctor

585 4215 624 4256 ιω
684 4184 823 4250 contulit
845 4190 879 4249 et
900 4185 1010 4270 legem
1031 4191 1107 4271 post
1129 4186 1216 4251 mala
1238 4186 1326 4251 lecte
1348 4184 1447 4252 dedit.

504 4305 538 4362 95
641 4294 675 4355 te
698 4297 824 4375 preoor',
847 4289 1062 4375 omnipotens,
1094 4309 1191 4376 quern
1213 4295 1264 4354 sat
1286 4288 1383 4355 decet
1404 4309 1477 4356 esse
1499 4288 1678 4375 benignum

685 4399 720 4460 et
742 4414 839 4480 quem
862 4393 953 4458 nulla
975 4393 1067 4459 iuvet
1088 4393 1180 4476 ultio,
1204 4393 1262 4460 sed
1285 4394 1393 4472 venia3

329 4669 364 4722 59
381 4671 464 4740 depes
475 4671 514 4738 Μ,
532 4671 619 4739 Appos
636 4671 696 4737 (lace
707 4669 828 4738 deletam)
845 4688 907 4740 apes
925 4670 985 4736 (aaa
1002 4680 1143 4725 correctam
1160 4672 1189 4724 ia
1205 4669 1285 4740 aspis)
1298 4671 1327 4724 F
1385 4671 1498 4726 nuetF²
1559 4677 1654 4724 mortes
1665 4669 1715 4738 (F)
1787 4670 1822 4723 62
1834 4689 1885 4738 que

228 4775 275 4810 orn.
295 4757 346 4810 FP
430 4757 465 4810 69
483 4758 609 4811 intelibns
632 4757 675 4810 Μ’
779 4756 813 4810 70
830 4760 923 4827 coripit
940 4757 970 4810 F
1051 4760 1152 4812 animos
1174 4759 1226 4811 FP
1241 4759 1299 4811 edd
1404 4758 1438 4812 73
1459 4759 1557 4826 agentis
1574 4758 1608 4808 Μ
1693 4759 1785 4826 pruine
1803 4757 1837 4808 Μ

228 4841 262 4896 75
284 4845 371 4898 Sullat
392 4845 430 4912 M,
455 4846 539 4898 Sultat
556 4846 648 4898 mrum
665 4845 838 4913 auperacn'pto
856 4847 937 4899 rultat
955 4845 988 4912 F,
1011 4847 1097 4898 Sultat
1118 4847 1145 4898 P
1229 4847 1351 4914 temperie
1370 4846 1463 4909 MFP5
1485 4864 1521 4898 cn
1543 4847 1612 4913 sorte
1633 4845 1713 4912 ipsius
1730 4845 1833 4912 Bapeni
1849 4854 1886 4898 est

228 4932 304 4984 saltet
317 4933 345 4998 (i.
355 4932 463 4999 pandet)
475 4933 618 5000 temperie?
688 4931 721 4985 76
733 4949 827 4999 parens
836 4932 888 4984 FP
955 4931 987 4984 77
1001 4933 1113 5000 quemP
1164 4936 1217 4985 leta
1230 4930 1456 4998 (ainrmraff
1503 4933 1595 4984 menois
1608 4930 1648 4982 Μ’
1719 4931 1753 4982 82
1765 4934 1885 4984 Lucifero

229 5019 350 5071 hedocuit
367 5019 394 5070 P
460 5021 542 5072 Sirius
559 5021 608 5072 hoc
620 5019 663 5081 Μ,
686 5020 758 5071 sidus
776 5036 806 5070 oc
824 5018 874 5082 Μ’,
902 5019 973 5070 sidus
997 5027 1023 5070 et
1045 5020 1095 5070 hoo
1113 5019 1184 5070 F’P
1278 5017 1312 5071 85
1330 5021 1423 5071 fretum
1442 5018 1499 5082 FP,
1522 5025 1593 5070 orent
1610 5017 1644 5067 Μ
1735 5016 1770 5070 86
1792 5019 1885 5070 morire

229 5105 249 5170 (i
266 5123 333 5158 corr.
346 5105 411 5174 ias)
425 5105 458 5156 Μ
517 5107 593 5158 horno
611 5105 649 5169 Μ,
668 5107 743 5158 modo
756 5105 876 5158 FPedd.
963 5104 996 5158 87
1015 5107 1093 5158 retice
1106 5105 1149 5156 F¹
1212 5105 1380 5158 molestosM
1455 5103 1646 5173 ellingrim?
1722 5102 1754 5157 91
1773 5105 1884 5158 Srahsli-

229 5201 315 5244 mrum
333 5191 365 5244 Μ
434 5188 506 5261 siclin
523 5190 565 5244 14η
653 5191 687 5246 95
705 5191 722 5260 d
740 5189 766 5259 (i.
786 5192 863 5259 quae)
882 5191 939 5258 1³¹3
957 5209 1034 5260 quem
1051 5193 1159 5246 voluiere
1176 5193 1277 5246 videtur
1294 5191 1336 5244 F·
1423 5189 1457 5244 96
1475 5187 1586 5260 neniam
1604 5188 1634 5244 F
