4590 6390
1154 363 1356 422 Duucouuu

1215 629 1292 698 VII.

795 750 1154 818 EPITHALAMIVM
1187 751 1376 819 IOANNIS
1414 752 1472 818 ET
1506 750 1715 818 vluvuuu.

824 873 975 938 carminis
996 873 1094 940 Idalii
1116 893 1269 961 cuperem
1291 895 1377 940 nunc
1401 873 1511 940 ebrius
1535 893 1609 940 esse

824 977 980 1043 nobilium
1004 978 1157 1045 thalamis
1181 977 1321 1044 Dsbiaui
1344 979 1512 1065 sauguinis
1535 976 1644 1045 index.

822 1081 910 1168 quod
932 1083 1010 1149 mihi
1034 1083 1061 1148 si
1084 1083 1163 1148 felix
1185 1082 1284 1148 hodie
1306 1083 1437 1148 fortuna
1459 1081 1616 1164 dedisset,

820 1208 887 1252 non
909 1185 1086 1252 inhonorus
1109 1207 1210 1268 eram,
1233 1185 1292 1252 sed
1313 1184 1410 1251 laude
1434 1185 1623 1273 redemptus
1645 1184 1780 1266 adirem,

770 1309 786 1364 5
821 1291 874 1356 rel
898 1295 1063 1356 recreatus
1086 1311 1199 1377 egens,
1223 1289 1336 1355 sinon
1359 1290 1561 1376 tamenipse
1585 1295 1718 1356 renatus

822 1395 959 1462 emerito
982 1394 1129 1461 referens
1151 1413 1329 1482 generosas
1353 1394 1485 1480 suspice
1507 1393 1635 1478 laudes,

823 1507 857 1566 et
877 1500 1011 1565 Vitulae
1035 1520 1186 1566 canerem
1210 1498 1324 1565 taedas
1347 1520 1408 1586 per
1429 1504 1507 1564 volu
1528 1498 1675 1565 Ioannis.

823 1606 936 1670 laurea
959 1612 1046 1670 serta
1069 1603 1168 1670 comis
1192 1604 1337 1690 religans
1359 1607 1393 1668 et
1414 1608 1563 1690 tempora
1585 1608 1691 1690 myrto

820 1709 958 1796 prodere
981 1709 1135 1795 gestirem
1158 1707 1240 1774 haec
1263 1729 1348 1795 quse
1371 1727 1457 1773 nunc
1478 1713 1630 1794 pernota
1652 1712 1821 1793 geruntur.

754 1831 786 1888 10
822 1819 998 1896 cantarem,
1022 1814 1099 1899 quie
1123 1811 1239 1901 prris
1262 1811 1367 1895 adest,
1389 1810 1478 1876 bona
1498 1817 1603 1876 mater
1625 1809 1784 1876 Amorum

821 1918 966 2004 (agmine
989 1917 1145 1982 mollifluo
1170 1916 1293 1982 ducens
1318 1937 1378 1982 aua
1400 1935 1522 2003 pompe
1545 1915 1680 1980 choreus

820 2021 978 2107 impubes,
1001 2021 1144 2086 lascivus
1168 2026 1274 2101 atrox,
1298 2020 1460 2085 violentus
1483 2039 1651 2100 amoenus,

819 2126 859 2191 lis
880 2127 971 2213 pacis
994 2125 1176 2211 tacitusque
1198 2124 1331 2211 loquax,
1355 2123 1407 2189 fur
1427 2123 1579 2210 garrulus
1603 2122 1722 2204 eudex,

820 2229 926 2296 nudus
950 2235 984 2296 ot
1005 2235 1160 2310 armatus,
1182 2229 1273 2296 ferus
1297 2235 1331 2295 et
1352 2229 1436 2316 pius,
1458 2229 1626 2315 improbus
1649 2227 1776 2314 insons)

753 2352 785 2406 15
819 2339 853 2400 ot
875 2334 962 2421 quod
984 2333 1202 2416 amoriferum,
1225 2354 1334 2399 secum
1357 2333 1420 2398 huc
1443 2331 1577 2398 duxisse
1600 2333 1774 2397 volucrem.

821 2439 1002 2524 vulgarem,
1024 2438 1101 2524 quie
1122 2437 1190 2502 tela
1213 2437 1298 2523 gerit
1320 2436 1439 2523 quibus
1463 2442 1577 2503 auctor
1599 2435 1740 2502 Achillis

819 2543 936 2607 arserit
958 2541 1121 2607 Aeacides
1144 2539 1307 2627 nymphae
1332 2539 1476 2606 radiatus
1500 2559 1629 2617 umore;

820 2646 947 2732 spicula
969 2644 1138 2726 dixissem,
1161 2643 1281 2729 quibus
1304 2645 1384 2708 arsit
1405 2643 1524 2730 Apollo
1547 2642 1689 2710 disertus

820 2770 893 2814 cum
917 2755 1046 2836 peteret
1068 2747 1244 2836 Daphnen,
1267 2745 1368 2815 Liber
1390 2748 1508 2834 quibus
1532 2754 1662 2815 arserat
1684 2747 1797 2830 Indus,

750 2872 784 2928 20
820 2854 958 2920 eandida
980 2853 1141 2920 Dictaeae
1165 2874 1237 2918 cum
1260 2859 1409 2919 cerneret
1431 2873 1488 2918 ora
1510 2854 1650 2940 puellae,

818 2959 869 3024 vel
893 2959 1021 3045 quibus,
1043 2959 1114 3045 ipse
1137 2959 1236 3040 furor,
1260 2957 1349 3022 Mars
1373 2964 1425 3024 est
1447 2978 1605 3023 accensus
1628 2979 1750 3039 amare,

819 3063 1007 3129 Vesticolee
1029 3065 1143 3129 niveos
1166 3067 1296 3149 peteret
1319 3083 1392 3127 oum
1415 3063 1548 3148 virginis
1572 3068 1672 3146 ortus,

818 3172 855 3232 ut
878 3165 971 3232 daret
993 3173 1163 3232 aeternum
1184 3165 1332 3231 Romans
1355 3166 1388 3230 in
1413 3166 1523 3231 saeclo
1545 3165 1717 3240 Quirinum

819 3277 853 3336 et
875 3271 1039 3358 postlata
1062 3269 1142 3336 deos
1164 3270 1289 3336 laceret
1311 3291 1412 3358 super
1434 3277 1525 3336 astru
1548 3278 1709 3339 senatum.

749 3391 783 3447 25
820 3374 878 3440 sed
901 3374 977 3462 quio
1000 3375 1128 3462 captivo
1152 3374 1202 3441 sas
1226 3394 1291 3439 non
1315 3381 1369 3440 est>
1388 3373 1498 3442 dicere
1522 3397 1653 3442 carmen

817 3501 878 3544 neo
902 3479 1042 3545 reticere
1065 3479 1143 3544 licet
1164 3479 1282 3544 festivo
1305 3479 1337 3544 iu
1362 3479 1506 3567 tempore
1529 3481 1606 3558 vati,

816 3584 880 3648 ists
903 3587 1022 3649 canant
1044 3582 1147 3668 pueri,
1171 3582 1248 3668 quia
1271 3583 1416 3648 carmine
1440 3604 1518 3649 vera
1540 3584 1729 3671 loquentur;

816 3687 985 3774 plausibus
1008 3687 1168 3752 insultent
1191 3691 1224 3752 et
1246 3693 1403 3774 tympana
1425 3708 1524 3752 rauca
1545 3688 1675 3775 puellae

815 3793 999 3879 percutiant
1019 3791 1148 3877 palmis,
1170 3789 1281 3876 digitis
1303 3791 1362 3856 sub
1386 3791 1543 3858 arundine
1565 3799 1681 3858 ventos

747 3914 782 3969 30
816 3896 1009 3983 dispensent
1030 3895 1105 3960 hinc
1127 3893 1203 3960 inde
1225 3895 1329 3960 melos
1352 3895 1511 3980 perflante
1534 3895 1666 3962 flabello

816 4007 850 4066 et
871 4001 1020 4086 quatiunt
1043 3999 1156 4065 dulces
1180 3997 1296 4065 Museo
1321 3999 1449 4085 pectine
1474 3999 1613 4065 chordae

817 4113 851 4171 et
873 4105 961 4170 vocis
985 4111 1117 4170 texture
1139 4109 1233 4169 sonet
1255 4103 1413 4189 nervique
1436 4105 1600 4190 loquaces.

816 4208 995 4295 Bybliades
1019 4207 1143 4294 Satyris
1167 4208 1303 4293 iungant
1324 4207 1550 4295 Nymphisque
1574 4209 1783 4296 hymenaeos,

816 4319 849 4378 et
871 4311 1021 4399 Dryades
1043 4312 1166 4398 passim
1188 4314 1210 4398 †
1233 4310 1388 4377 cohibent
1410 4332 1469 4398 per
1491 4319 1586 4398 prata
1608 4313 1766 4401 Nepaeis,

745 4433 780 4489 35
817 4415 964 4483 Oreades
987 4415 1109 4480 Fennis
1132 4416 1268 4502 iungant
1290 4423 1324 4480 et
1345 4414 1470 4482 Naides
1494 4437 1618 4500 omnes,

815 4528 850 4588 ot
871 4519 1011 4586 Bacchis
1034 4519 1204 4606 copuletur
1226 4518 1330 4585 Amor
1351 4541 1412 4606 per
1434 4527 1543 4586 castra
1566 4521 1715 4600 Dionee;

816 4627 915 4692 saltet
940 4630 973 4691 et
994 4623 1174 4711 imparibus
1198 4623 1330 4689 calamis
1352 4623 1425 4690 Pon
1448 4625 1597 4711 corniger
1619 4625 1757 4708 intrans,

520 4853 537 4906 4
559 4871 618 4908 crae
643 4854 765 4906 Blthreru
850 4853 949 4905 abirom
972 4853 1005 4912 N,
1030 4868 1098 4903 corr.
1115 4849 1243 4918 Rosadcry
1346 4849 1448 4904 5Vere
1465 4859 1566 4904 creatus
1586 4851 1617 4916 N,
1641 4853 1750 4919 correxi,
1770 4856 1821 4906 Ver
1845 4862 1975 4908 recreatus
1995 4856 2081 4909 Duhss

451 4943 496 4994 sod
514 4959 564 4992 nou
583 4941 618 5003 N,
637 4958 705 4992 corr.
718 4940 847 4992 Bc't'chcler
934 4935 1036 4990 11-14
1051 4937 1218 5004 parenthesin
1236 4937 1315 4988 sictut
1397 4937 1430 4990 15
1448 4938 1519 4990 huno
1536 4939 1631 4990 dixisse
1649 4939 1683 5005 N,
1704 4941 1775 4994 bunc
1793 4941 1897 4995 duxisse
1917 4943 2006 5004 osan,
2024 4944 2080 4997 hue

416 5031 519 5080 nexisse
537 5026 659 5080 Btthreua
752 5023 784 5078 17
803 5027 901 5079 Asserit
925 5025 958 5090 N,
982 5027 1089 5077 Arserst
1106 5023 1188 5075 Duhn
1276 5022 1309 5075 19
1326 5025 1463 5092 Daphnem
1482 5025 1513 5074 N
1594 5022 1629 5077 20
1652 5035 1769 5080 cerneret
1786 5027 1818 5079 N
1899 5027 1931 5080 21
1951 5031 2024 5082 furor
2043 5031 2079 5094 N,

416 5123 488 5182 pater
510 5115 611 5182 Haupt,
636 5115 708 5166 ferox
731 5113 852 5166 Bdhreas
929 5128 1016 5164 amore
1039 5109 1122 5162 Dalm
1218 5107 1252 5160 24
1270 5119 1375 5162 senatus
1393 5109 1484 5176 (nom.)
1502 5110 1595 5176 opinor
1691 5111 1725 5164 27
1748 5115 1812 5182 quia
1830 5115 1863 5177 N,
1886 5116 1931 5182 qui
1949 5115 2080 5169 uererer

451 5200 485 5254 29
503 5209 597 5254 ventus
615 5201 648 5265 N,
668 5218 735 5253 corr.
748 5200 883 5263 Brlchcber,
908 5200 983 5251 motis
1009 5198 1131 5249 dereua
1218 5191 1252 5248 34
1270 5203 1363 5250 coeant
1380 5195 1469 5260 man,
1488 5197 1587 5250 socient
1604 5197 1743 5265 Brlrhclm
1763 5218 1800 5252 aa
1817 5198 2080 5270 colent(cf.o.61)i

450 5285 485 5338 35
501 5303 590 5339 omnes
607 5285 736 5338 Bdcheler
822 5284 857 5337 36
881 5285 997 5352 copletur
1014 5283 1097 5334 Dauo

518 5525 635 5582 4erem
657 5525 676 5583 i.
693 5527 811 5584 Vdulum
900 5528 932 5584 15
959 5527 1033 5597 quod
1052 5526 1230 5583 amoriferum
1248 5528 1298 5582 ulo
1316 5526 1353 5595 (r.
1367 5529 1420 5595 16),
1438 5527 1472 5595 cs.
1487 5527 1641 5584 VemFort.
1658 5543 1738 5583 cam.
1753 5535 1859 5597 6,1,37
1932 5530 2080 5587 volucrem

414 5627 684 5706 ipsum·anps'dln0m
761 5631 796 5691 ‘22
816 5629 913 5691 Odon,
927 5637 1032 5700 64,364
1050 5629 1198 5688 niveos...
1218 5630 1335 5704 virginis
1353 5633 1431 5689 atus
1510 5631 1544 5688 25
1561 5632 1597 5700 os.
1608 5631 1670 5686 VII
1682 5639 1724 5688 69.
1743 5639 1793 5690 106
1869 5634 1903 5690 27
1921 5634 1957 5702 cs.
1968 5631 2080 5693 171164
