4590 6390
1025 385 1228 442 DRAGON'PII

698 559 812 625 Aeetia
835 560 968 626 immitis
993 560 1104 626 forsan
1127 559 1320 627 mactandus
1343 559 1385 624 ad
1408 579 1492 624 aras.

628 679 663 736 60
698 664 788 749 eripe
812 665 985 750 captivum,
1008 666 1151 731 retinent
1173 686 1269 752 quem
1293 663 1384 729 mille
1408 669 1556 746 catenae,

697 768 792 834 mitte
814 767 1039 853 pharetratum
1061 789 1211 856 puerum,
1234 789 1309 834 mea
1332 767 1458 854 Cypria,
1483 768 1649 849 Amorem,

696 872 771 956 igne
794 877 850 936 tuo
873 872 1038 938 flammata
1061 872 1157 939 cadat
1180 872 1356 939 furibunda
1377 872 1501 958 virago,

697 974 802 1041 discat
824 995 934 1042 amara
957 976 1057 1060 furor,
1079 976 1212 1042 tandem
1236 978 1279 1042 sit
1300 975 1423 1042 blanda
1446 975 1610 1056 sacerdos,

697 1079 820 1166 templa
841 1081 1049 1166 pharetratae
1073 1087 1259 1146 contemnat
1282 1081 1374 1166 virgo
1397 1079 1536 1158 Dianae,

629 1198 662 1252 65
697 1181 858 1269 despiciat
880 1183 1017 1250 delubra
1040 1183 1132 1250 deae.
1177 1185 1256 1250 licet
1278 1185 1448 1249 immemor
1471 1187 1584 1248 exstet

698 1287 863 1373 religionis
887 1307 977 1354 amor
999 1290 1137 1354 timeant
1160 1309 1221 1355 nac
1244 1288 1367 1353 fulmen
1392 1293 1552 1367 amantes,

697 1395 731 1454 tc
755 1391 858 1455 sclam
881 1399 976 1478 putet
999 1414 1073 1459 esse
1097 1393 1204 1476 deam,
1228 1397 1261 1458 te
1284 1413 1406 1458 numen
1428 1391 1553 1473 adoret,

697 1499 730 1558 te
754 1501 880 1560 metuat
903 1497 1080 1563 metuenda
1103 1495 1185 1578 deis,
1209 1504 1242 1562 te
1266 1495 1389 1562 iudicet
1411 1515 1521 1575 unam,

698 1618 794 1682 quam
815 1621 904 1664 mare
924 1621 1022 1686 quam
1041 1601 1139 1666 tellus
1159 1621 1254 1688 quam
1273 1600 1406 1666 numina
1421 1605 1539 1664 cuncta
1555 1597 1700 1664 fatentur

628 1717 664 1774 ιο
699 1703 836 1790 imperio
860 1704 1008 1769 subiecta
1030 1709 1086 1769 tuo
1108 1725 1167 1790 per
1188 1705 1312 1790 templa
1334 1724 1394 1791 per
1416 1724 1500 1785 aras,

701 1827 773 1871 esse
798 1807 1001 1893 voluptatum
1024 1809 1199 1875 dominam.
1238 1829 1323 1894 qnae
1347 1806 1445 1873 corda
1466 1807 1612 1893 parentis

698 1909 804 1976 flectis
829 1917 863 1976 et
886 1917 1020 1977 exutum
1045 1914 1109 1979 telo
1134 1912 1295 1978 candente
1319 1911 1503 1978 Tonantem

697 2013 859 2100 despiciat
880 2037 932 2080 me
956 2037 1055 2102 saepe
1079 2015 1172 2082 iubes
1196 2037 1257 2084 neo
1282 2022 1392 2082 castus
1415 2015 1591 2102 Olympum

701 2117 866 2200 destituat,
890 2121 931 2184 sit
953 2127 989 2185 ut
1012 2120 1117 2186 imber
1139 2121 1218 2204 olor,
1241 2120 1420 2187 bacchetur
1443 2119 1574 2185 adulter

628 2239 662 2294 75
698 2225 751 2288 vel
774 2223 998 2310 quodcumque
1022 2245 1130 2290 meum
1152 2226 1274 2311 placuit
1298 2233 1425 2290 mutare
1449 2223 1600 2289 maritum
1623 2261 1665 2270 -

697 2347 762 2392 non
786 2349 916 2415 queror:
941 2327 1141 2394 Aesonidem
1164 2336 1290 2394 tanturn
1313 2335 1391 2416 peto
1413 2329 1481 2393 filia
1502 2327 1592 2414 regis

698 2453 783 2496 nunc
807 2439 896 2499 amet
918 2439 952 2498 et
973 2433 1100 2510 laudet;
1124 2454 1201 2499 mox
1223 2433 1309 2499 hunc
1332 2434 1474 2522 suspiret
1499 2433 1643 2516 anhelet,

698 2555 794 2621 quem
816 2545 963 2603 mactare
986 2543 1095 2625 parat;
1118 2539 1224 2603 solvat
1247 2539 1374 2604 ceruice
1398 2548 1532 2606 catenas

699 2648 888 2728 torpescens
912 2649 1038 2708 armata
1060 2663 1186 2722 manus,
1210 2643 1262 2707 cui
1285 2643 1421 2709 brachia
1444 2645 1563 2710 collum

629 2761 664 2820 80
700 2746 902 2812 circumdent
923 2767 1100 2834 mucroque
1125 2746 1221 2813 cadat
1244 2747 1371 2814 ieiunus
1396 2749 1437 2814 ad
1461 2748 1557 2814 aras?

641 2923 642 2926 Ἴ
698 2852 829 2918 finierat
851 2857 1000 2918 matrona
1022 2852 1119 2919 Iovis.
1166 2853 1211 2917 sic
1235 2873 1310 2919 orsa
1332 2851 1458 2919 Dione:

698 2955 762 3022 ‘me
786 2956 951 3022 Venerem
974 2977 1036 3040 me,
1059 2957 1152 3037 Iuno,
1175 2955 1272 3022 decet
1294 2979 1357 3039 me,
1380 2956 1502 3024 blanda
1524 2978 1676 3038 noverca,

700 3061 836 3147 imperio
859 3083 976 3147 parere
999 3069 1064 3126 tuo.
1110 3060 1187 3146 quid
1210 3061 1304 3147 plura
1326 3062 1519 3146 loquemur?

699 3165 837 3232 oderunt
859 3185 934 3232 mea
956 3173 1066 3231 castra
1087 3163 1219 3230 moras.³
1264 3165 1311 3230 sic
1333 3165 1402 3230 lata
1425 3165 1569 3252 Oythere

629 3284 664 3340 85
699 3271 827 3356 quaerit
849 3269 1059 3336 amonitarum
1082 3290 1141 3356 per
1163 3275 1233 3335 tota
1255 3269 1381 3336 rosaria
1403 3277 1536 3336 natum:

699 3375 754 3439 ille
778 3373 859 3439 deas
883 3375 974 3460 ponti
998 3375 1064 3440 telo
1087 3373 1275 3438 flammabat
1298 3373 1331 3438 in
1354 3373 1449 3439 undis

700 3479 856 3544 maternis
880 3479 1062 3544 submissus
1085 3478 1189 3564 aquis.
1234 3477 1447 3564 Hymenaeus
1472 3478 1514 3544 ad
1536 3479 1629 3544 illum

699 3583 848 3650 mittitur.
893 3582 969 3649 huic
992 3583 1110 3648 fluctus
1132 3581 1273 3669 produnt
1295 3582 1496 3648 fumantibus
1519 3582 1624 3649 undis.

699 3694 736 3753 ut
758 3689 895 3774 pelagus
919 3687 1058 3752 caluisse
1080 3685 1181 3769 videt,
1203 3686 1269 3751 ‘hio
1292 3685 1408 3774 aliger'
1431 3687 1544 3775 inquit,

631 3809 665 3866 90
700 3788 764 3857 ‘hic
787 3792 869 3856 latet
892 3790 1026 3857 idalius.
1072 3790 1129 3856 sed
1152 3812 1216 3857 non
1238 3791 1329 3871 latet,
1353 3813 1498 3879 aequora
1519 3793 1666 3860 fervent:

647 3895 648 3898 ’
702 3917 846 3982 agnosco
870 3894 1009 3962 stridere
1032 3895 1161 3980 fretum,
1185 3917 1246 3962 ceu
1268 3896 1424 3964 Phoebus
1449 3897 1585 3964 anhelos

701 4021 824 4067 oceano
847 4001 1008 4086 demergit
1030 4019 1140 4088 equos,
1165 4021 1239 4067 cum
1262 4008 1358 4068 nocte
1381 4003 1564 4090 propinqua

700 4107 778 4172 luna
800 4107 889 4172 venit
911 4107 1063 4172 stellante
1086 4107 1163 4192 polo
1187 4107 1405 4194 pendentibus
1430 4109 1536 4174 astris.

701 4211 765 4278 huc
788 4211 877 4293 ades,
902 4231 920 4275 o
942 4211 1066 4277 lascive
1089 4231 1181 4298 puer,
1204 4217 1237 4278 te
1260 4219 1366 4279 mater
1387 4213 1509 4298 ubique

632 4334 666 4388 95
701 4317 924 4403 quaeritate
948 4317 1072 4381 cunctis
1096 4322 1240 4382 restrum
1262 4337 1315 4382 me
1338 4317 1426 4382 misit
1450 4319 1631 4402 alumnum,

701 4431 737 4486 ut
760 4422 873 4487 venias
897 4427 1051 4507 parcente
1073 4420 1188 4486 mora?
1232 4421 1279 4486 sic
1303 4421 1400 4487 fatus.
1447 4430 1482 4489 at
1504 4425 1559 4489 ille

701 4527 854 4592 fluctibus
878 4547 896 4593 e
919 4525 1034 4592 mediis
1056 4547 1193 4613 surgens
1217 4527 1371 4593 rutilante
1396 4529 1514 4615 capillo

703 4633 850 4698 excussit
871 4632 1050 4718 perinane
1074 4639 1182 4719 caput,
1206 4632 1310 4716 quatit
1332 4632 1471 4718 impiger
1493 4634 1573 4716 alas,

646 4778 718 4786 ..-

408 4880 443 4933 59
505 4882 612 4934 heilrico
633 4881 670 4932 ric
691 4880 771 4932 voluit
792 4879 827 4946 N,
851 4895 868 4921 a
885 4879 982 4932 Aethon
1006 4897 1036 4944 a,
1058 4896 1125 4932 corr.
1144 4877 1237 4944 ΒιιΙιη,
1259 4878 1354 4929 Asidos
1380 4876 1408 4944 (t.
1425 4875 1542 4943 Βίαιια)
1561 4877 1696 4944 Boraherp,
1724 4880 1819 4930 Aeetae
1837 4877 1961 4932 Bithrene

339 4967 372 5019 ol
391 4969 469 5020 Micta
485 4987 505 5019 a
597 4966 632 5020 65
653 4976 738 5020 exam
756 4966 789 5030 N,
808 4984 875 5018 corr.
894 4967 1021 5018 Br'r'cheler
1115 4963 1150 5018 66
1167 4967 1259 5017 timent
1277 4964 1311 5031 N,
1334 4981 1401 5016 corr.
1418 4964 1547 5016 Bitcbcler
1641 4963 1676 5017 68
1695 4965 1791 5017 iudicet
1809 4965 1879 5031 (tec
1896 4964 1924 5028 ιι)
1943 4984 1962 5016 a

340 5052 374 5106 72
391 5072 483 5120 sperae
501 5063 622 5108 exustum
710 5050 744 5105 74
763 5054 893 5105 Destituet
909 5052 944 5116 N,
962 5069 1028 5104 corr.
1043 5051 1169 5104 Bilcheler
1256 5048 1289 5103 75
1312 5067 1474 5117 quocumque
1492 5049 1574 5102 Duhn
1661 5048 1694 5102 77
1713 5051 1820 5103 anhelat
1839 5051 1872 5116 N,
1892 5068 1961 5103 corr.

227 5203 233 5212 .
305 5139 388 5192 Dalm
440 5131 510 5194 '80
527 5159 667 5209 macroque
685 5140 818 5206 Bltlrrem,
837 5156 926 5192 mucro
943 5139 978 5203 N,
996 5146 1022 5190 et
1039 5155 1127 5190 mucro
1145 5137 1226 5190 Dalm
1312 5135 1347 5189 88
1364 5138 1435 5190 hunc
1452 5136 1486 5200 N,
1505 5153 1573 5189 corr.
1586 5136 1714 5189 Bitclraler
1793 5136 1828 5190 93
1846 5139 1962 5190 stillante

305 5229 427 5280 Bitbrcm
514 5225 548 5280 94
566 5229 626 5281 Hiro
643 5227 770 5295 (imelleyc
787 5227 869 5292 Huic)
886 5225 923 5278 sio
941 5225 974 5292 N,
997 5227 1058 5278 Huc
1075 5245 1094 5278 rr

408 5453 442 5508 59
463 5451 508 5506 Oc.
521 5451 634 5517 Pont.3,
648 5459 672 5521 2,
685 5459 714 5507 71
736 5452 873 5509 immitem
891 5453 1003 5510 Triviae
1084 5453 1121 5508 ad
1146 5469 1232 5507 aram.
1274 5455 1330 5505 met.
1345 5457 1381 5519 15,
1394 5458 1439 5505 114
1461 5451 1602 5504 mactatus
1620 5447 1657 5503 ad
1674 5463 1745 5503 aran
1786 5448 1924 5515 otinas.
1938 5465 1961 5504 o.

304 5559 398 5610 macto
469 5557 502 5610 79
525 5555 639 5612 Oamet.
656 5565 743 5626 ⁹³459
762 5555 915 5612 circumdet
932 5559 1049 5613 brachia
1067 5557 1140 5614 collo
1219 5558 1253 5612 86
1271 5556 1404 5623 cfi1132
1479 5553 1514 5609 88
1532 5553 1570 5608 acl
1588 5553 1628 5619 IL
1646 5559 1679 5608 33
1758 5554 1790 5608 91
1811 5553 1859 5608 Sa.
1875 5563 1897 5622 1,
1909 5560 1960 5609 209

305 5663 390 5730 atque
410 5659 459 5716 ubi
476 5660 564 5716 fessus
581 5679 667 5730 equos
687 5661 772 5717 Titan
791 5659 929 5715 immersit
946 5662 1061 5716 anhelos
