4590 6390
1104 395 1304 453 DRACON'I’ll

773 572 959 639 Herculeos
983 573 1118 638 comites
1139 571 1263 637 Priami
1286 592 1379 656 gens,
1405 570 1530 658 praeda
1552 570 1740 657 Pelasgum,

687 695 739 750 295
774 698 840 742 uou
864 678 968 763 magis
992 677 1152 743 auderent
1175 677 1208 741 in
1231 676 1319 742 bella
1340 676 1507 741 lacessere
1532 673 1649 740 Graios

776 781 957 847 semideum
979 787 1056 868 post
1078 781 1166 847 bella
1189 779 1320 863 ducum,
1343 780 1461 866 quibus
1483 779 1561 845 Ilios
1584 779 1699 866 ingens

776 887 862 951 victa
885 886 982 951 iacet.
1006 885 1171 973 placuitne
1193 884 1336 972 Phrygis
1359 885 1505 971 periuria
1528 885 1635 970 gentis

778 991 909 1056 solvere
932 1011 990 1056 vos
1013 991 1151 1057 iterum?
1176 991 1222 1055 sie
1245 990 1367 1055 dudum
1391 1011 1493 1076 parva
1515 991 1622 1054 luistis

776 1096 960 1182 supplicia?
984 1095 1126 1179 Priamo,
1150 1095 1263 1176 Troes,
1287 1115 1361 1160 mea
1384 1094 1471 1159 dicta
1493 1094 1629 1160 referte:

689 1213 742 1271 300
776 1199 893 1264 victori
916 1200 988 1285 quis
1011 1201 1117 1265 rictus
1140 1200 1187 1266 ait
1208 1197 1264 1264 “te
1287 1198 1375 1264 belle
1398 1205 1536 1284 gerente

778 1323 831 1368 me
854 1311 987 1369 maneat
1010 1303 1139 1369 virtutis
1163 1303 1278 1384 bonos,
1301 1324 1354 1368 me
1377 1302 1499 1390 praeda
1522 1307 1687 1388 sequatur,

778 1407 926 1493 praemia
948 1429 1001 1474 me
1024 1408 1141 1486 laudis,
1164 1429 1217 1473 me
1240 1407 1387 1493 praemia
1410 1413 1528 1472 cuneta
1549 1407 1703 1493 triumphi

781 1517 973 1597 expectent,
997 1512 1101 1577 sterili
1125 1512 1226 1577 vietor
1249 1509 1307 1576 sed
1331 1510 1428 1576 laude
1450 1512 1573 1598 potitus

779 1623 813 1681 et
834 1616 964 1682 ieiunus
988 1612 1084 1682 eat’'t
1122 1616 1194 1702 quis
1217 1615 1288 1701 regi
1312 1615 1426 1702 quisve
1449 1615 1566 1680 marito

694 1737 746 1795 305
782 1721 834 1786 vel
857 1722 979 1786 misero
1004 1720 1050 1786 sic
1074 1740 1174 1786 ausus
1197 1719 1244 1784 ait
1266 1739 1340 1784 cum
1363 1741 1443 1784 voce
1465 1725 1619 1806 proterva

779 1822 976 1890 “conubium
998 1823 1149 1889 rescinde
1172 1830 1275 1904 tuum,
1298 1831 1468 1910 rumpatur
1489 1823 1629 1888 honesto

781 1927 915 1994 loedere
938 1929 1048 1992 iuncto
1071 1927 1205 2011 domus,
1229 1926 1365 1993 thalami
1387 1926 1583 1992 damnentur
1605 1933 1781 2008 amantum,

780 2032 914 2098 festivas
937 2033 1094 2117 extingue
1117 2028 1249 2097 iaees’²t
1274 2031 1345 2119 quis
1369 2032 1456 2115 vicit,
1479 2037 1516 2096 ut
1538 2029 1627 2096 istud

786 2136 900 2202 audiat
922 2135 1096 2216 Aeacides,
1119 2137 1258 2222 patriam
1281 2137 1336 2222 qui
1358 2137 1497 2223 perculit
1518 2136 1622 2201 hosti?

694 2257 747 2315 310
782 2241 911 2328 quando
936 2246 1046 2305 tamen
1069 2241 1173 2306 victor
1195 2241 1274 2306 victi
1297 2242 1357 2306 sub
1381 2241 1454 2327 lege
1478 2245 1628 2307 tenetur?

785 2347 812 2410 si
834 2345 958 2410 Priami
980 2344 1125 2411 recidiva
1147 2343 1263 2410 domus
1286 2352 1397 2412 manet
1420 2345 1477 2410 illa
1499 2345 1628 2432 tyranni

782 2455 857 2536 post
879 2450 972 2535 ignes
995 2455 1149 2535 reparata
1172 2468 1273 2531 meos,
1297 2449 1325 2514 si
1348 2449 1462 2536 pendit
1484 2469 1627 2514 amorem

783 2573 960 2638 germanae
983 2574 1043 2619 rex
1066 2553 1136 2640 ipse
1160 2573 1250 2634 suae,
1273 2574 1332 2640 pro
1356 2553 1433 2618 dote
1457 2552 1560 2618 sorori

782 2658 836 2723 vel
859 2657 953 2744 regni
976 2678 1051 2745 pars
1074 2658 1160 2721 iusta
1182 2656 1285 2736 detur,
1309 2678 1350 2722 ne
1375 2655 1518 2722 vindicet
1540 2657 1628 2722 Aiax

697 2777 748 2833 315
785 2761 870 2847 quod
893 2762 990 2826 matri
1013 2761 1168 2826 donasset
1191 2781 1282 2842 arus,
1305 2761 1332 2825 si
1355 2760 1454 2826 Troia
1475 2769 1636 2828 maneret.

785 2864 986 2951 temporibus
1010 2865 1113 2930 soceri
1137 2866 1246 2930 senuit
1268 2867 1296 2930 si
1319 2864 1419 2930 Graia
1441 2865 1603 2947 iuventus,

786 2989 883 3055 quam
907 2969 1008 3034 nostis
1032 2983 1091 3054 per
1112 2969 1211 3050 bella,
1235 2969 1400 3055 Phryges:
1425 2970 1585 3035 successit
1607 2970 1640 3035 in
1663 2971 1762 3034 armis

785 3073 981 3160 bellipotens
1004 3073 1142 3139 ducibus
1166 3075 1290 3140 eunctis
1314 3081 1425 3161 optata
1447 3095 1604 3161 propago.

787 3185 839 3243 est
861 3178 941 3243 mihi
963 3177 1160 3265 bellipotens
1183 3198 1248 3243 non
1270 3179 1345 3243 vilis
1367 3180 1513 3265 pignoris
1535 3179 1638 3244 Aiax:

700 3297 752 3356 320
788 3283 936 3348 imminet
959 3288 993 3347 et
1015 3283 1151 3368 quaerit,
1174 3280 1214 3349 de
1238 3303 1302 3368 que
1324 3283 1389 3347 iam
1412 3289 1511 3368 gente
1534 3283 1725 3370 triumphet;

786 3386 965 3453 Thessalus
988 3385 1143 3451 Emathia
1165 3386 1272 3451 fratris
1295 3387 1435 3452 nutritus
1458 3387 1605 3452 Achilles

787 3491 908 3556 emicat
930 3496 964 3556 et
987 3497 1096 3556 torvos
1120 3497 1252 3557 exercet
1273 3491 1306 3555 in
1330 3513 1421 3558 arma
1443 3490 1598 3557 biformes

786 3595 938 3660 Patroclo
961 3595 1139 3681 populante
1163 3594 1260 3660 simul
1283 3593 1479 3660 Centaurica
1501 3597 1620 3672 lustra;

790 3697 935 3785 Tydides
958 3698 1198 3785 Sthenelusque
1221 3699 1365 3764 fremunt
1386 3699 1539 3786 Aiaxque
1563 3699 1741 3773 seeundus;

706 3819 758 3874 325
793 3802 941 3868 Nestoris
965 3802 1160 3868 Antilochus
1183 3802 1376 3868 Palamedes
1398 3803 1528 3870 Teucer
1542 3803 1658 3868 Vlixes

794 3907 945 3972 exultant
967 3907 1053 3994 quod
1077 3907 1176 3972 Troia
1197 3907 1292 3990 redit,
1316 3906 1403 3994 quod
1425 3907 1588 3994 Pergama
1611 3906 1767 3992 surgunt’.

788 4017 866 4076 tunc
889 4011 1088 4098 Polydamas
1112 4012 1159 4076 ait
1181 4011 1344 4078 submissa
1367 4033 1446 4077 voce
1468 4012 1631 4098 prolatus:

785 4109 941 4202 ‘belliger
964 4117 1174 4202 armipotens,
1198 4116 1378 4180 animarum
1400 4115 1518 4180 iudicis
1541 4115 1648 4197 heres,

788 4241 849 4284 rex
873 4222 924 4285 oui
948 4218 989 4285 de
1013 4220 1134 4284 nostris
1157 4225 1208 4284 est
1230 4219 1335 4304 gloria
1359 4219 1620 4303 commercium,

703 4339 755 4396 330
790 4329 953 4410 temperet
974 4323 1108 4405 invidie,
1127 4322 1257 4408 frangat
1279 4321 1381 4406 dolor,
1404 4325 1453 4388 ira
1475 4325 1633 4409 quiescat.

791 4429 951 4516 captivam
975 4429 1103 4515 repetit,
1127 4429 1273 4514 reginam
1297 4427 1397 4493 frater
1419 4428 1567 4510 honorat,

498 4676 550 4731 298
567 4679 590 4730 31
608 4678 705 4730 dodum
723 4675 757 4740 N,
775 4691 843 4726 corr.
861 4671 971 4725 Ribbeck
1062 4669 1114 4725 305
1131 4673 1179 4725 Vel
1202 4673 1342 4726 miserieois
1365 4675 1402 4726 aio
1421 4672 1454 4736 N,
1478 4692 1545 4726 corr.
1564 4673 1681 4728 13333111
1750 4693 1809 4729 enm
1828 4673 1917 4738 Dabo,
1942 4682 1999 4726 tum
2017 4671 2051 4736 Ν,

394 4777 446 4822 tam
460 4766 568 4820 Ribbeck
637 4762 687 4816 307
706 4757 1309 4828 6313331311313133333)Ν,3333133331ὶὶ
1378 4759 1429 4814 309
1448 4762 1550 4814 Alcides
1565 4761 1597 4826 N,
1617 4780 1684 4816 corr.
1698 4763 1820 4815 Bdbrsas
1890 4761 2003 4829 perculis
2016 4759 2051 4823 N,

394 4873 461 4908 corr.
475 4852 593 4906 Ionaetb'
661 4848 711 4902 319
724 4851 808 4914 Quam
821 4850 914 4900 nostris
927 4847 960 4914 N,
979 4849 1080 4899 comesi
1148 4845 1200 4899 319
1217 4849 1332 4915 pignoris
1345 4847 1378 4912 N,
1396 4850 1508 4914 pectoris
1522 4849 1643 4900 Bdlrrcas
1712 4848 1765 4902 320
1782 4850 1884 4901 Eminet
1896 4847 1931 4910 Ν,
1950 4847 2053 4900 corram'

429 4940 478 4994 321
498 4940 639 4993 Thessalus
656 4937 687 4988 N
752 4935 804 4989 323
821 4937 939 4988 Ρ3110310
957 4951 988 4988 cx
1005 4936 1123 4988 Patrolco
1140 4935 1240 4986 videtur
1258 4944 1399 4988 correctam
1412 4935 1442 4984 N
1507 4934 1558 4988 324
1576 4937 1709 5004 Steneluqy
1730 4937 1761 4988 Ν
1824 4932 2052 5002 3263313131οζ

395 5047 462 5082 corr.
475 5025 592 5081 Iaaaelli
678 5021 729 5076 329
746 5025 833 5076 Gloria
851 5023 881 5073 N

504 5259 555 5315 297
586 5257 828 5325 camaracus
851 5255 926 5312 iacet
948 5254 1020 5311 ilion
1044 5255 1142 5326 ingens
1247 5253 1299 5310 298
1326 5253 1487 5324 73131133.
1508 5263 1545 5322 11,
1563 5259 1612 5310 811
1635 5253 1746 5309 crudele
1772 5251 1851 5308 luisti
1874 5251 2053 5322 supplicium.

396 5363 428 5431 cs.
452 5363 601 5418 01331716
704 5361 754 5417 299
779 5360 851 5430 Varo.
870 5363 939 5416 Aca.
960 5369 998 5429 10,
1019 5367 1066 5414 191
1091 5376 1154 5414 mea
1179 5358 1256 5414 dieta
1281 5357 1381 5414 referte
1486 5357 1537 5415 300
1562 5357 1672 5413 Iacca
1691 5363 1716 5426 3,
1727 5363 1761 5414 3ο
1785 5359 1814 5412 te
1837 5355 1913 5412 bella
1936 5358 2053 5426 gerente

432 5467 483 5522 311
515 5465 789 5536 931311331343
816 5464 921 5521 Priami
948 5467 1025 5520 tecta
1051 5465 1112 5521 alta
1140 5469 1286 5520 manerent
1315 5467 1344 5518 ct
1369 5462 1494 5518 recidiva
1519 5479 1603 5518 manu
1628 5461 1781 5534 posuissem
1808 5459 1946 5532 Pergama
1971 5458 2055 5514 vietis

432 5573 485 5627 923
504 5573 574 5627 Stat.
588 5569 653 5626 Aca.
666 5579 688 5638 1,
706 5577 755 5626 266
777 5570 945 5626 Centaurica
959 5612 965 5626 .
978 5611 1005 5625 ..
1028 5571 1119 5626 lustra
1205 5569 1257 5626 324
1274 5570 1341 5624 Stat.
1358 5569 1425 5623 Aeb.
1438 5578 1460 5636 1,
1478 5573 1532 5622 169
1553 5567 1676 5636 Tydides
1694 5563 1898 5633 Sthenelusque
1916 5565 2061 5633 premant

399 5686 421 5746 1,
434 5683 483 5732 601
501 5675 628 5744 Aiaxque
646 5673 783 5731 secundus
874 5675 926 5731 327
945 5675 1028 5730 Mart.
1041 5682 1065 5742 8,
1081 5685 1116 5744 75,
1130 5685 1158 5730 11
1177 5675 1313 5731 submissa
1332 5692 1399 5732 vooe
1418 5674 1550 5744 precatur
