4538 6398
857 419 1036 476 EPISTVLA
1053 420 1093 477 IV
1112 419 1249 492 (Taionis)
1816 425 1879 490 289

227 593 305 682 ipsi,
340 600 376 660 ut
406 616 543 674 censeo,
580 595 729 662 Graecae
764 596 999 684 Romanaeque
1022 597 1196 663 facundiae
1219 596 1486 684 philosophorum
1510 597 1692 684 praecipui,
1725 595 1879 662 Socrates

228 698 355 764 scilicet
377 699 431 765 vel
453 698 561 780 Plato,
586 698 703 765 Cicero
728 706 826 786 atque
842 700 959 782 Varro,
983 700 1011 765 si
1034 701 1155 766 nostris
1179 701 1378 787 temporibus
1402 701 1595 781 adfuissent,
1620 700 1781 787 condigna
1808 701 1879 766 eius

227 803 352 868 meritis
375 803 477 868 rerba
499 804 721 890 promsissent.
765 803 822 868 sed
845 825 887 869 ne
909 805 1116 891 panegyricis
1146 805 1194 868 uti
1218 826 1355 872 censear
1383 805 1519 891 eloquiis
1553 805 1692 892 plurima
1718 804 1760 870 de
1791 805 1878 870 eius·
1926 807 1965 870 10

228 905 303 974 dem
339 907 513 972 virtutibus
545 906 657 972 auditu
697 914 865 995 comperta
898 909 1127 995 praemittens,
1162 908 1203 973 ad
1235 909 1305 974 eius
1328 909 1501 997 opuscula,
1529 929 1613 996 quae
1647 913 1722 974 sunt
1753 908 1883 995 eloquia

197 1010 470 1098 spulcritudinis,
506 1010 614 1076 officia
641 1011 772 1096 linguae
814 1019 1030 1098 retorqueam.
1085 1012 1184 1098 igitur
1218 1033 1291 1077 cum
1324 1012 1451 1078 Romae
1485 1015 1611 1102 positus
1644 1013 1716 1079 eius
1743 1033 1827 1098 quae
1849 1012 1882 1076 in

228 1113 400 1202 Hispaniis
429 1115 566 1181 deerant
593 1115 759 1186 volumina
782 1115 915 1180 sedulus
937 1117 1119 1202 vestigator
1142 1117 1381 1203 perquirerem,
1412 1118 1609 1204 inventaque
1632 1116 1763 1204 propria
1785 1137 1883 1182 manu

166 1303 167 1308 ἵ
229 1217 492 1300 transcriberem,
515 1225 670 1304 tantaque
693 1217 834 1284 dulcedo
857 1219 1031 1284 verborum
1060 1220 1204 1284 animum
1225 1240 1336 1284 meum
1360 1219 1592 1286 inaestimabili
1615 1219 1775 1286 suavitate
1798 1221 1881 1284 mul-

230 1329 336 1404 ceret,
369 1324 515 1409 speciale
538 1322 691 1409 quiddam
722 1323 755 1388 in
782 1321 897 1388 eadem
926 1324 997 1388 sine
1021 1323 1200 1410 cuiuspiam
1223 1325 1378 1411 perspexi
1401 1324 1643 1410 comparatione
1665 1324 1880 1409 potissimum.

162 1515 164 1518 Ι
230 1425 371 1511 deniquo
395 1425 471 1491 dum
494 1427 663 1492 historiam
687 1425 775 1492 beati
799 1426 857 1492 Iob
881 1427 942 1493 snb
966 1427 1084 1514 triplici
1107 1426 1333 1512 indagatione,
1362 1425 1393 1491 id
1422 1433 1474 1491 est
1495 1426 1666 1509 historica,
1694 1427 1803 1514 typica
1826 1427 1878 1494 vel
1926 1431 1959 1492 ll
1977 1463 1991 1477 ·

186 1555 212 1596 so
228 1529 352 1609 morali,
375 1530 497 1596 studuit
520 1531 751 1617 explanatione
774 1530 936 1596 discutere
960 1539 1058 1618 atqua
1082 1530 1269 1597 Ezechielis
1297 1531 1477 1618 prophetae
1499 1531 1635 1618 primam
1658 1533 1711 1597 rel
1734 1531 1882 1598 ultimam

229 1639 355 1720 partem
384 1655 449 1702 non
480 1635 586 1721 inpari
609 1635 817 1722 expositione
846 1657 1036 1722 percurrere
1066 1641 1296 1721 tantorumque
1319 1633 1481 1722 profunda
1502 1635 1729 1722 mysteriorum
1752 1635 1883 1722 repulso

228 1738 432 1823 ignorantiae
470 1738 581 1803 nubilo
626 1760 744 1804 serena
781 1738 1004 1824 patefactione
1043 1745 1243 1821 monstrare,
1286 1760 1392 1826 paene
1433 1740 1535 1804 totius
1571 1739 1647 1804 nori
1684 1761 1723 1804 ao
1762 1741 1883 1804 veteris

228 1840 431 1908 Testamenti
460 1843 617 1929 patefecit
650 1864 788 1918 arcana;
823 1849 997 1930 actumque
1033 1849 1085 1909 est
1119 1849 1155 1908 ut
1182 1843 1243 1908 hac
1272 1844 1515 1931 opportunitate
1545 1844 1639 1931 panis
1668 1843 1723 1908 ille
1764 1843 1818 1929 qui
1842 1842 1883 1908 de

229 1945 321 2010 caelo
344 1945 530 2030 descendit,
560 1945 707 2012 eiusdem
733 1947 914 2013 fidelissimi
940 1955 1124 2035 opportuna
1153 1949 1233 2013 satis
1261 1947 1432 2014 dulcedine
1456 1948 1602 2014 satiaret.
1647 1945 1880 2034 sedquoniam

187 2073 212 2114 ιι
230 2049 265 2114 in
289 2049 404 2116 eadem
436 2051 624 2137 prolixitate
648 2051 859 2132 voluminum,
894 2051 970 2116 dum
1005 2052 1183 2117 testimonii
1205 2053 1462 2139 uniuscuiusque
1485 2051 1661 2138 requiritur
1683 2051 1884 2138 explanatio,

229 2173 334 2239 paene
369 2156 467 2220 totius
500 2155 610 2242 operis
644 2155 714 2220 eius
749 2162 819 2221 erat
860 2156 893 2220 in
934 2156 1085 2242 ambiguo
1129 2177 1194 2221 non
1234 2156 1369 2222 minima
1402 2156 1617 2243 perscrutatio
1653 2160 1752 2240 atque
1786 2153 1886 2218 animi

231 2257 374 2323 ardentis
398 2280 497 2346 saepe
513 2257 656 2344 frigebat
676 2259 825 2342 intentio,
848 2259 948 2325 malui
971 2260 1075 2326 semel
1101 2260 1281 2326 maximum
1306 2261 1452 2346 perterre
1475 2259 1620 2326 laborem
1644 2277 1740 2344 quam
1756 2279 1887 2344 semper

230 2368 417 2448 suspectam
441 2363 583 2428 tolerare
613 2361 849 2429 difficultatem.
895 2363 1041 2450 percurri
1064 2363 1163 2450 igitur
1190 2365 1299 2429 omnia
1327 2363 1476 2430 eiusdem
1507 2363 1706 2430 monimenta
1728 2361 1886 2426 librorum

230 2472 264 2530 et
286 2486 391 2552 paene
419 2466 518 2530 totius
542 2467 724 2554 scripturae
747 2488 861 2532 sacrae
894 2467 1095 2545 testimonia,
1125 2488 1210 2554 quae
1242 2469 1276 2532 in
1304 2469 1373 2533 eius
1404 2466 1569 2554 opusculis
1593 2464 1886 2552 adprobationem

186 2590 212 2633 so
230 2569 283 2634 vel
317 2571 555 2656 expositionem
591 2571 748 2656 cuiusque
783 2572 832 2636 rei
866 2571 1013 2636 adbibita
1046 2571 1183 2638 dirersis
1217 2573 1250 2637 in
1285 2573 1369 2637 locis
1405 2569 1656 2637 continebantur
1691 2569 1884 2655 conscripta,

229 2673 403 2740 adiurante
443 2674 574 2740 Christo
617 2673 710 2755 lesu,
751 2677 806 2761 qui
841 2697 884 2741 ex
922 2697 979 2742 ore
1014 2676 1186 2741 infantium
1233 2683 1331 2762 atque
1364 2675 1555 2742 lactentium
1592 2673 1721 2761 perficit
1753 2671 1883 2738 laudem
1898 2689 2028 2745 aarum

229 2778 422 2865 linguasque
457 2785 619 2845 mutorum
653 2779 783 2844 vinculo
817 2780 1048 2846 taciturnitatis
1085 2780 1238 2862 absolvit,
1280 2781 1348 2846 suis
1387 2778 1571 2846 coadunata
1612 2777 1780 2842 ordinibus
1818 2777 1885 2841 stili

230 2883 469 2970 conscriptione
494 2883 624 2968 collegi,
654 2890 814 2970 quatenus
850 2883 1017 2949 studiosus
1045 2885 1181 2970 quisque
1221 2905 1295 2950 cum
1328 2885 1362 2948 in
1386 2883 1510 2949 eisdem
1535 2881 1755 2946 voluminibus
1778 2879 1912 2945 cuius·-

229 2986 311 3052 libet
333 2989 417 3052 sacri
440 2987 618 3052 testimonii
642 2987 909 3072 explanationem
932 2988 1082 3074 requirit,
1117 3009 1159 3053 ne
1187 2988 1360 3074 multiplici
1389 2987 1528 3053 lectione
1551 2985 1707 3071 fatigatus
1731 3005 1796 3048 non
1820 2983 1883 3048 cito

186 3109 211 3151 ss
230 3092 372 3176 reperiat
394 3091 480 3178 quod
504 3091 654 3169 voluerit,
677 3089 718 3155 ad
742 3092 805 3155 ista
828 3111 912 3177 quae
935 3089 1084 3178 decerpsi
1108 3111 1289 3175 recurrens,
1312 3097 1449 3178 repente
1472 3089 1559 3176 quod
1583 3087 1749 3154 desiderat
1773 3085 1884 3151 videre
1907 3109 1916 3126 ·

228 3193 458 3259 satisfactionis
482 3193 676 3260 discretione
700 3195 853 3280 reperiet.
899 3195 1054 3261 lectorem
1079 3196 1200 3284 quippe
1229 3195 1325 3260 huius
1349 3197 1456 3281 operis
1480 3215 1598 3260 censeo
1621 3189 1882 3268 ammonendum,

228 3303 265 3361 nt
287 3297 377 3384 sigili
404 3298 584 3364 intentione
612 3298 821 3384 praevideat,
852 3300 1004 3385 quoniam
1032 3301 1189 3386 pleraque
1225 3299 1484 3366 testimoniorum
1519 3296 1663 3383 capitula
1697 3296 1730 3359 in
1760 3283 1884 3360 eisdem

229 3401 466 3484 voluminibus,
489 3408 526 3466 ut
548 3422 646 3488 supra
668 3403 884 3481 meminimus,
908 3402 1046 3469 diversis
1068 3403 1101 3467 in
1124 3403 1206 3468 locis
1230 3404 1305 3486 sita,
1328 3404 1375 3467 ita
1398 3409 1434 3467 ut
1457 3402 1591 3466 inventa
1625 3403 1700 3462 sunt
1723 3397 1884 3483 exposita,

231 3526 251 3568 a
280 3526 333 3570 me
361 3505 534 3570 ordinatim
563 3505 703 3571 collecta
731 3506 800 3571 fore
824 3513 1013 3571 noscuntur.
1059 3505 1125 3570 alia
1151 3506 1266 3592 igitur,
1304 3527 1387 3592 quas
1418 3506 1483 3570 iarn
1514 3505 1546 3568 in
1578 3501 1799 3590 superioribus
1829 3507 1886 3565 aut

187 3623 212 3665 ³⁰
230 3609 438 3676 interioribus
471 3609 618 3696 partibus
652 3611 845 3698 exposuisse
878 3612 967 3675 visus
1001 3616 1054 3675 est
1093 3615 1127 3674 et
1159 3609 1277 3675 iterum
1310 3615 1408 3695 atque
1442 3609 1561 3672 iterum
1598 3603 1777 3692 quamlibet
1810 3603 1884 3667 aliis

230 3713 355 3794 verbis,
389 3714 504 3780 eodem
534 3719 643 3778 tamen
671 3737 769 3780 sensu
792 3715 931 3780 diversis
962 3715 995 3779 in
1022 3713 1104 3780 locis
1127 3713 1346 3800 recapitulata
1368 3711 1574 3798 expositione
1597 3709 1759 3788 retexuit,
1788 3727 1884 3794 pras-

231 3815 423 3882 cedentibus
457 3817 668 3899 testimoniis,
709 3824 745 3882 ut
783 3818 862 3885 ordo
902 3817 1169 3905 exponendarum
1208 3837 1317 3882 rerum
1350 3816 1514 3902 poposcit,
1554 3815 1664 3900 aliqua
1698 3811 1885 3893 inserenda,

230 3919 357 4006 reliqua
395 3941 471 3985 vero
509 3920 727 4008 relinquenda
761 3923 887 4002 curavi,
931 3931 1090 4009 quatenus
1130 3943 1172 3986 ex
1211 3919 1487 4008 praecedentibus
1529 3915 1765 4003 subsequentia
1802 3937 1883 4002 pen·

230 4023 347 4090 derant
394 4031 427 4090 et
470 4024 705 4111 subsequentia
742 4027 1015 4112 praecedentibus
1056 4047 1130 4092 sese
1170 4026 1282 4091 utilius
1321 4029 1523 4110 coaptarent.
1588 4041 1664 4086 nam
1702 4021 1729 4084 si
1768 4027 1886 4085 cuncte

186 4144 212 4185 u
232 4126 372 4194 discreto
396 4127 509 4194 ordine
532 4129 565 4193 in
594 4129 689 4194 huius
711 4131 819 4216 operis
842 4131 927 4197 seris
955 4137 1167 4218 ponerentur,
1198 4129 1310 4216 procul
1339 4127 1437 4193 dubio
1467 4124 1657 4212 magnitudo
1685 4123 1884 4189 voluminum

230 4232 400 4298 brevitatis
435 4231 566 4297 modum
601 4232 779 4298 excederet
811 4239 927 4321 atque,
976 4235 1026 4300 sui
1059 4233 1330 4320 recapitulatione
1364 4232 1498 4297 lectoris
1544 4231 1670 4296 animus
1704 4226 1884 4307 offendens,

230 4335 377 4401 facerent
403 4336 612 4402 nihilominus
649 4337 789 4422 repetita
817 4338 991 4404 fastidium.
1054 4337 1145 4402 cuius
1188 4337 1236 4402 rei
1275 4337 1490 4423 quantitatem
1530 4335 1562 4398 in
1603 4355 1665 4398 sex
1707 4330 1885 4409 codicibus,

230 4445 383 4523 quattuor
417 4440 542 4505 scilicet
576 4441 698 4505 veteris
732 4441 952 4522 instrumenti,
991 4440 1117 4506 duobus
1152 4441 1251 4505 etiam
1285 4439 1360 4504 novi
1398 4438 1604 4518 testamenti,
1642 4435 1711 4501 suis
1751 4434 1884 4500 conexis

333 4630 482 4685 ltlraeoss
499 4631 634 4695 Betucius,
651 4633 736 4699 grecia
754 4632 815 4683 ΜΤ
905 4631 922 4684 2
946 4632 987 4684 rel
1007 4632 1041 4682 Μ
1053 4631 1187 4698 Betusiua,
1210 4649 1259 4683 ces.
1285 4631 1310 4682 T
1391 4630 1448 4683 sius
1474 4631 1571 4682 meritis
1597 4629 1626 4692 T,
1648 4629 1704 4681 sius
1727 4627 1822 4679 mantia
1847 4625 1887 4690 Μ,

230 4735 279 4770 om.
295 4717 422 4770 Betucius
521 4716 538 4770 3
560 4720 724 4787 panegyricis
751 4719 776 4770 T
792 4719 928 4785 Betusius,
953 4719 1108 4786 paralogicis
1132 4719 1167 4768 Μ
1239 4726 1359 4770 cenatur
1383 4715 1466 4783 (satur
1488 4717 1516 4768 s'ss
1542 4731 1641 4766 rasura
1664 4731 1682 4765 a
1703 4729 1785 4764 mersu
1804 4711 1832 4774 2)
1856 4711 1891 4762 Μ

264 4802 281 4856 4
310 4805 400 4858 audita
425 4805 552 4856 Betucius
643 4807 808 4873 praemittens
835 4806 898 4868 ΜΤ,
924 4805 1063 4857 vindicavit
1089 4805 1204 4870 Tieebe,
1232 4805 1437 4872 praetermittens
1467 4802 1593 4854 Betucius
1697 4799 1714 4852 b
1740 4799 1797 4850 eiua
1820 4797 1886 4861 ΜΤ,

229 4893 344 4946 sinadam
371 4892 497 4944 Butuaius
591 4891 608 4944 6
634 4894 758 4961 Hispanis
783 4894 841 4946 edri.
916 4894 1073 4959 inventaque
1092 4917 1124 4929 -
1145 4892 1342 4944 transcriberem
1367 4907 1415 4942 cm.
1438 4887 1467 4952 T,
1496 4890 1523 4940 irs
1549 4887 1666 4954 mereins
1691 4883 1794 4936 eddidit
1818 4880 1887 4949 (elie

229 4976 351 5045 maur)
368 4978 407 5044 rr,
430 4979 505 5030 aaut
527 4979 653 5031 causas
731 4968 948 5032 *linexsinabili
968 4979 1032 5042 ur,
1049 4981 1084 5046 es.
1097 4995 1127 5044 p.
1144 4981 1248 5042 asam
1340 4976 1358 5030 8
1380 4978 1486 5044 quaram
1505 4977 1540 5026 n
1603 4975 1712 5028 ensem
1740 4971 1765 5022 r
1830 4987 1886 5039 par-

229 5066 301 5132 spexi
327 5063 462 5130 Betucius,
494 5067 614 5134 prcspsxi
640 5065 678 5130 M,
703 5067 822 5134 prespexi
849 5066 874 5116 Τ
954 5066 1088 5134 potissima
1112 5065 1146 5116 Μ
1248 5063 1279 5116 11
1305 5065 1449 5132 profundae
1475 5062 1602 5115 Betucius
1707 5057 1740 5110 12
1765 5064 1835 5110 totus
1868 5058 1893 5108 Τ

266 5149 298 5203 15
322 5152 462 5204 testimonii
491 5151 517 5216 T,
544 5153 719 5204 testimonium
742 5153 774 5203 Μ
790 5153 928 5215 Balesium
953 5155 987 5219 es.
1006 5153 1071 5204 124
1159 5150 1191 5204 16
1215 5159 1285 5204 totns
1316 5151 1341 5201 T
1412 5151 1581 5218 prescrutatic
1609 5148 1670 5199 ΜΤ
1751 5141 1785 5197 l't
1810 5163 1886 5214 saepe

229 5237 363 5297 Betuaius.
389 5255 434 5305 sps
461 5237 522 5289 ΜΤ
602 5242 715 5306 proferre
738 5239 864 5292 Betucius
968 5237 1002 5291 18
1025 5241 1144 5291 Percurri
1173 5239 1206 5289 Μ
1228 5237 1370 5298 Betuaius,
1397 5254 1445 5289 ons.
1469 5237 1494 5288 T
1594 5231 1627 5286 19
1653 5234 1687 5286 ad
1708 5233 1886 5300 probatidnsm

229 5323 364 5388 Beteaius,
382 5325 574 5391 sprobationem
594 5325 632 5389 Μ,
649 5327 859 5392 approbationem
881 5325 907 5377 T
988 5323 1022 5377 21
1040 5327 1149 5393 perfecit
1166 5325 1201 5376 Μ
1277 5321 1311 5374 22
1329 5323 1383 5375 atili
1403 5349 1438 5361 -
1457 5321 1492 5374 23
1515 5328 1645 5390 qnatenus
1663 5317 1756 5370 eddids'
1772 5335 1803 5370 se
1820 5317 1886 5383 ΜΤ,

229 5427 278 5462 ens.
291 5408 418 5461 Betea‘ua
486 5405 520 5462 25
538 5410 640 5478 decerpi
657 5411 682 5461 T
745 5412 885 5464 decurrens
902 5411 937 5462 Μ
1001 5411 1089 5463 uuidere
1107 5411 1134 5474 T,
1153 5411 1233 5464 libero
1246 5410 1284 5477 Μ,
1302 5410 1399 5462 liberae
1416 5407 1544 5460 Betucius
1612 5405 1647 5460 26
1664 5406 1843 5458 ammonsdnm
1856 5406 1891 5458 Μ

263 5493 297 5548 27
316 5497 486 5548 intentionem
503 5496 560 5562 (aad
577 5513 603 5547 m
620 5497 710 5564 erese)
729 5497 763 5548 Μ
829 5499 950 5565 quonism
968 5497 1102 5564 Betucius,
1121 5514 1200 5565 qaam
1217 5497 1277 5548 ΜΤ
1343 5494 1378 5549 29
1395 5496 1448 5548 alia
1465 5495 1561 5563 legitur
1578 5494 1613 5545 Μ
1678 5493 1706 5545 in
1723 5493 1843 5560 superius
1856 5493 1892 5544 Μ

263 5580 299 5636 30
321 5599 401 5648 qnam
426 5583 492 5634 liber
514 5583 549 5632 Μ
636 5581 672 5636 33
692 5585 834 5652 puderent
857 5585 892 5636 Μ
908 5585 1043 5650 Beluaisu,
1067 5583 1181 5653 pendent
1207 5583 1232 5634 T
1319 5581 1353 5636 36
1370 5583 1473 5635 animus
1495 5581 1533 5646 Μ,
1556 5583 1670 5635 animum
1692 5579 1742 5648 (T)
1759 5579 1887 5633 Betuaiua

264 5666 299 5722 38
316 5669 479 5721 instrumenti
499 5669 533 5719 Μ
552 5668 686 5736 Betucius,
710 5673 858 5725 testamenti
882 5672 907 5725 T

333 5774 496 5827 sormones
513 5775 704 5836 senensem
715 5774 815 5829 x1v1.
1644 5769 1679 5825 ³7
