4554 6396
922 381 1126 442 DRACONTII
1160 379 1208 438 DE
1226 377 1406 437 LAVDIBVS
1422 375 1486 434 DEI
1522 376 1535 432 I

817 569 850 630 et
872 569 972 650 negat
993 567 1051 627 aut
1074 558 1214 647 spondet
1236 557 1397 624 victurum
1419 553 1527 622 iudice
1550 554 1623 620 visu

816 667 929 735 taedia
951 667 1096 733 laetitiae
1118 664 1172 730 vel
1195 662 1317 749 gaudia
1338 660 1480 728 luctibus
1504 658 1632 726 indens.

816 792 873 836 cur
895 769 1049 856 exempla
1071 767 1187 833 damus
1210 767 1359 832 homines
1381 765 1545 852 praescire
1568 763 1686 844 futura,

818 896 892 940 curn
915 879 1057 941 testante
1080 873 1141 938 deo
1165 871 1324 937 doceatur
1346 891 1445 935 nosse
1463 866 1550 956 quod
1573 869 1692 934 instat?

815 979 915 1045 ‘natio
937 975 1090 1064 viperea’,
1114 976 1258 1042 olamans
1281 974 1475 1040 mortalibus
1498 973 1604 1059 inquit

814 1083 924 1170 ‘signa
946 1082 1014 1169 poli
1036 1082 1152 1162 nostis,
1174 1079 1365 1167 praedicitis
1388 1079 1559 1144 “imminet
1581 1075 1710 1142 imber“

818 1193 852 1253 et
873 1188 995 1269 veniet,
1018 1207 1081 1253 nec
1103 1185 1187 1250 fallit
1209 1184 1313 1250 hiems
1336 1205 1398 1250 nec
1421 1182 1531 1248 tardat
1553 1175 1690 1247 adesse‘.
1801 1204 1815 1218 ‘

818 1313 895 1358 ecoe
918 1312 1023 1378 genus
1046 1289 1213 1354 hominum
1235 1293 1376 1354 ventura
1398 1288 1483 1353 scire
1504 1285 1672 1374 probatur.

817 1419 879 1464 nec
900 1397 1028 1478 mirum,
1054 1393 1175 1460 Christi
1199 1395 1227 1460 si
1250 1394 1350 1459 sentit
1372 1392 1482 1478 imago
1505 1392 1661 1472 futurum,

819 1523 893 1568 oum
915 1523 975 1568 nos
1000 1505 1173 1566 venturum
1194 1503 1351 1564 moneant
1373 1497 1529 1563 animalia
1550 1501 1653 1562 muta:

818 1607 939 1673 bucula
961 1626 1044 1670 rana
1067 1623 1142 1668 sues
1165 1602 1319 1668 formicae
1343 1622 1460 1667 corvus
1482 1598 1621 1664 hirundo

818 1709 1010 1798 praedicunt
1032 1708 1160 1796 pluries
1183 1727 1245 1773 nec
1268 1707 1352 1772 olam
1374 1705 1549 1792 praesagia
1570 1703 1697 1770 fallunt.

820 1813 898 1901 quid
920 1835 973 1879 res
997 1813 1179 1892 exanimes,
1203 1815 1331 1876 testas?
1355 1808 1490 1875 ardente
1512 1808 1647 1874 lucerna

822 1918 999 1984 scintillare
1023 1919 1132 1983 oleum
1154 1915 1263 2001 fungia
1288 1912 1510 1981 crescentibus
1533 1913 1632 1998 igne?

821 2043 862 2088 an
887 2021 968 2088 deus
992 2022 1200 2108 omnipotens
1224 2025 1338 2106 posset
1360 2018 1489 2084 nescire
1512 2017 1656 2083 latebras

819 2124 909 2212 rupis
932 2130 965 2190 et
987 2144 1030 2189 ex
1052 2123 1139 2190 foliis
1162 2123 1265 2188 vestis
1289 2127 1444 2188 contexta
1468 2119 1600 2188 caducis

822 2233 975 2316 aspectus
1000 2227 1155 2294 obstare?
1200 2226 1261 2292 deo
1285 2233 1363 2292 tunc
1386 2247 1466 2292 uoce
1489 2231 1600 2292 reatus

822 2335 957 2400 crimine
980 2333 1120 2399 femineo
1144 2339 1250 2400 semet
1272 2353 1429 2419 peccasse
1452 2325 1575 2398 fatetur

824 2439 940 2504 infelix
963 2439 1117 2521 coniunx,
1139 2438 1173 2503 in
1196 2438 1333 2524 coniuge
1356 2437 1445 2502 facta
1467 2436 1629 2504 redundat

823 2549 857 2609 et
879 2563 955 2609 reus
979 2547 1126 2619 accusat;
1150 2541 1298 2608 sednon
1321 2540 1511 2628 purgandus
1535 2540 1657 2626 agebat

821 2645 920 2732 †sed
943 2647 971 2711 si
993 2647 1187 2734 participem
1209 2652 1344 2733 propter
1366 2645 1489 2712 solacia
1510 2645 1613 2711 cladis

822 2751 973 2816 conscius
997 2751 1136 2816 adscivit
1158 2751 1275 2834 socius,
1300 2771 1362 2816 ceu
1384 2750 1506 2816 femina
1527 2752 1550 2835 †
1572 2749 1655 2814 dixit

824 2855 865 2921 ad
889 2855 996 2920 scelus
1019 2854 1218 2920 horrendum
1241 2856 1294 2921 vel
1320 2876 1421 2921 saeva
1443 2855 1572 2942 piacula
1594 2854 1718 2919 mortis.

826 2958 983 3045 supplicio
1007 2958 1151 3024 sociante
1176 2957 1258 3023 duos
1281 2958 1431 3024 relevare
1454 2963 1581 3023 reatum

825 3061 963 3128 credidit
984 3061 1109 3143 infelix,
1133 3063 1160 3126 si
1182 3084 1241 3149 par
1264 3063 1429 3128 sententia
1451 3061 1594 3144 damnet,

826 3186 907 3252 quos
931 3187 990 3252 par
1012 3166 1109 3252 culpa
1131 3171 1224 3232 tenet
1248 3163 1384 3253 (gradus
1406 3166 1474 3232 illio
1498 3165 1654 3253 temporis
1676 3166 1778 3231 inter·

826 3276 877 3336 est
899 3275 1037 3353 tantum,
1061 3291 1137 3336 nem
1161 3291 1260 3336 causa
1282 3271 1362 3356 ligat
1385 3271 1564 3336 communis
1588 3268 1787 3358 utrumque).

827 3375 976 3460 exsurgit
999 3395 1139 3440 censura
1161 3374 1216 3440 dei
1238 3374 1361 3460 pietate
1385 3395 1502 3441 severa

829 3485 863 3543 et
884 3478 973 3543 vitae
995 3479 1174 3564 mortisque
1198 3478 1295 3542 simul
1319 3479 1480 3544 sententia
1503 3479 1615 3544 fertur.

828 3579 1023 3668 supplicium
1048 3582 1174 3664 infelix,
1198 3602 1261 3668 quo
1285 3603 1372 3646 mors
1395 3582 1490 3648 datur
1513 3587 1613 3668 atque
1636 3588 1783 3668 negatur,

827 3686 907 3751 ultio
932 3686 1040 3752 vitalis
1066 3686 1234 3752 cohibetur
1255 3685 1358 3752 limite
1381 3687 1508 3753 mortis:

410 3883 440 3934 in
458 3878 623 3934 oceo-36.
641 3876 700 3930 542.
719 3876 779 3930 545.

515 3983 567 4039 518
588 3984 658 4036 Teds
680 3983 764 4035 leticie
786 3981 832 4048 13¹,
851 3983 898 4033 face
916 3982 1027 4033 cenassit
1044 3981 1072 4032 io
1089 3981 1189 4032 leticiae
1207 3981 1252 4044 B',
1270 3981 1339 4033 illas
1357 3981 1424 4049 Eup.
1511 3983 1539 4033 fa
1551 3985 1607 4051 fiac
1629 3983 1707 4036 index
1725 3984 1758 4049 Β,
1782 4002 1849 4038 corr.
1863 3991 1930 4059 Eup,
2018 3990 2070 4044 520

412 4076 552 4126 doceantur
569 4071 683 4122 Arcoalo
761 4067 811 4120 521
830 4070 896 4120 Nato
914 4067 971 4118 ΒΜ
978 4067 1005 4134 V,
1025 4069 1090 4120 Nate
1114 4067 1143 4132 U,
1163 4085 1230 4118 corr.
1243 4067 1310 4134 Eup.
1391 4067 1442 4120 522
1461 4071 1598 4136 praedictis
1616 4070 1648 4138 B,
1670 4089 1737 4126 corr.
1751 4073 1818 4142 Idup
1897 4077 1948 4132 526
1966 4087 2070 4131 monogr

412 4161 446 4225 B,
464 4177 532 4211 corr.
547 4157 590 4208 Μ’
607 4157 674 4224 Eup.
752 4158 835 4208 multa
853 4155 918 4223 Eup.
998 4155 1048 4208 527
1067 4156 1169 4207 Bucula
1186 4173 1262 4207 ranas
1279 4172 1313 4207 ue
1332 4154 1365 4222 B,
1382 4157 1467 4208 Ardea
1484 4173 1549 4209 rana
1566 4174 1627 4210 sues
1644 4158 1712 4226 Eup.
1789 4181 1867 4230 grues
1886 4165 2000 4216 Arevalo

413 4245 465 4300 528
482 4245 633 4313 praedicant
654 4243 675 4293 Β
760 4240 811 4295 529
829 4251 897 4294 testa
920 4242 1046 4294 candente
1064 4243 1181 4293 videmus
1203 4242 1297 4307 Pca'per
1384 4239 1437 4293 530
1454 4243 1514 4310 igne
1531 4243 1566 4308 B,
1587 4245 1674 4310 ignem
1692 4245 1768 4313 Eup„
1787 4249 1868 4302 imbro
1886 4251 2000 4302 Amata

412 4331 465 4384 532
482 4332 561 4384 vestis
579 4347 627 4382 om.
641 4329 673 4394 Β,
691 4329 816 4395 dotan.
904 4325 955 4380 533
973 4329 1020 4380 deo
1038 4327 1216 4394 54511229.
1285 4336 1384 4380 reatum
1403 4327 1469 4395 Eap.
1561 4328 1612 4382 536
1631 4341 1738 4384 excusat
1755 4333 1822 4402 Euty.
1892 4338 1936 4389 ssd
1955 4338 1987 4402 B,
2006 4338 2028 4388 si
2042 4336 2070 4402 0,

414 4420 448 4486 cf.
463 4418 528 4485 Eup.
631 4415 682 4467 537
700 4413 772 4481 S(ed)
785 4417 807 4466 si
819 4414 852 4480 Β,
879 4415 912 4466 Et
930 4415 968 4466 sic
985 4414 1065 4480 Erpa
1089 4415 1133 4466 sed
1151 4415 1200 4466 sibi
1219 4431 1275 4481 ερας
1301 4417 1351 4478 sic,
1371 4417 1392 4466 si
1411 4416 1539 4468 Brtchcler
1625 4416 1677 4471 538
1694 4421 1790 4473 femina
1808 4423 1895 4489 dix(it)
1914 4423 1952 4488 B,
1976 4424 2072 4475 conieci

414 4506 490 4558 duxit
506 4505 547 4556 ecl
564 4505 618 4556 dux
635 4505 676 4569 sit,
695 4501 824 4552 Brtclrclcr
843 4501 910 4552 desit
995 4498 1046 4552 539
1065 4503 1099 4551 Ar
1117 4499 1149 4566 Β,
1168 4502 1203 4567 cf.
1217 4500 1283 4568 Eup.
1372 4501 1421 4554 541
1441 4518 1501 4570 pars
1520 4505 1691 4571 sententiali,
1709 4508 1744 4574 es.
1758 4506 1825 4575 Eup.
1912 4507 1965 4561 542
1982 4527 2029 4577 par
2043 4509 2070 4574 0,

416 4610 475 4661 pars
493 4593 519 4643 B
588 4591 643 4642 illic
654 4588 680 4640 B
697 4589 773 4656 Eup„
792 4587 866 4638 illiU
946 4585 998 4639 545
1015 4588 1051 4638 cie
1071 4587 1093 4638 Ο
1102 4585 1177 4653 aare,
1195 4589 1229 4638 Et
1247 4589 1303 4640 uita
1321 4589 1336 4641 5
1354 4605 1451 4655 morsq3
1470 4590 1547 4642 simul
1565 4593 1694 4644 sententia
1711 4593 1747 4646 sic
1765 4611 1853 4648 curua
1870 4597 1961 4664 lepido·
1979 4597 2007 4648 ia
2025 4596 2072 4662 13¹,

415 4680 506 4746 patus
524 4677 627 4730 addidit
643 4675 682 4728 13²
700 4675 783 4728 fretda
868 4672 920 4726 547
940 4675 1009 4726 Vltio
1027 4674 1101 4742 Eup,
1121 4676 1180 4727 Vlla
1197 4675 1224 4726 Β

519 4865 569 4923 521
591 4862 671 4921 natio
689 4863 815 4934 viperea:
834 4862 931 4917 Matre.
952 4869 990 4932 12,
1003 4868 1037 4918 34
1055 4863 1202 4934 progenies
1223 4863 1389 4934 viperarum.
1408 4869 1443 4936 cf.
1456 4864 1493 4920 cd
1511 4873 1563 4921 622
1668 4867 1719 4922 522
1736 4867 1835 4924 Mettis.
1850 4877 1894 4938 16,
1909 4875 1978 4924 2-4
1995 4869 2071 4925 facto

415 4989 530 5043 vespere
555 4969 649 5026 dicitis
670 4969 808 5025 ‘serenum
831 4967 896 5034 erit,
918 4967 1104 5023 rubicundum
1127 4971 1170 5024 cst
1192 4968 1267 5024 enim
1285 4970 1402 5024 caelum'
1439 4973 1468 5026 et
1486 4988 1568 5028 mane
1590 4971 1681 5028 'hodie
1699 4975 1860 5044 tempestas,
1878 4973 1979 5029 rutilat
1997 4972 2072 5029 enim

416 5076 498 5132 triste
516 5075 640 5132 caelum’.
676 5073 778 5130 faciem
796 5090 862 5145 ergo
881 5073 952 5129 caeli
971 5072 1125 5128 diiudicare
1142 5075 1244 5131 nostis:
1267 5075 1347 5147 signa
1365 5078 1460 5132 autem
1478 5079 1635 5147 temporum
1653 5095 1710 5134 non
1729 5078 1848 5148 potestis
1865 5079 1953 5135 scire?
1988 5095 2071 5149 gene·

416 5180 489 5237 ratio
507 5181 583 5236 mala
605 5184 635 5237 et
660 5179 789 5236 adultera
807 5177 919 5251 signum
942 5179 1053 5248 quaerit
1071 5195 1122 5249 cqc.
1228 5183 1278 5237 527
1296 5181 1330 5248 cs.
1349 5181 1421 5251 Vero.
1432 5198 1522 5252 peorp.
1537 5193 1560 5251 1,
1573 5188 1621 5238 313
1638 5199 1691 5252 sqq.
1768 5200 1830 5240 sues
1847 5184 1883 5251 cs.
1898 5182 1975 5253 Vero.
1986 5199 2072 5254 psorp.

417 5296 440 5356 1,
453 5293 506 5343 400
518 5286 591 5342 Plio.
603 5291 660 5342 aot.
674 5292 712 5356 18,
725 5292 778 5342 364
873 5287 924 5343 529
942 5287 1018 5356 Varo.
1030 5301 1115 5358 pcorp.
1129 5297 1152 5356 1,
1165 5295 1214 5344 391
1232 5291 1306 5345 testa
1324 5306 1387 5344 cnm
1405 5289 1520 5345 ardente
1539 5288 1668 5345 viderant
1680 5290 1788 5358 paellae
1806 5288 1962 5345 scintillare
1981 5289 2074 5345 oleum

418 5395 447 5448 et
473 5391 564 5462 putris
587 5409 763 5448 concrescere
785 5393 895 5463 fungos.
925 5393 998 5448 Plio.
1016 5399 1074 5449 nat.
1092 5399 1131 5462 18,
1149 5400 1206 5464 367,
1228 5396 1309 5464 Apa.
1331 5401 1388 5450 ma.
1408 5402 1478 5464 2,11
1587 5395 1638 5450 535
1661 5395 1772 5450 obstare
1794 5411 1815 5450 c.
1831 5410 1888 5450 occ.
1904 5412 1927 5449 o.
1945 5393 2003 5447 tad.

418 5495 470 5552 539
488 5495 574 5552 Drac.
589 5503 614 5565 2,
627 5503 678 5552 370
695 5500 728 5552 ut
745 5498 835 5552 scelus
853 5497 996 5552 assiduum
1008 5498 1053 5554 vel
1071 5517 1155 5555 saeva
1168 5500 1281 5570 piacula
1298 5501 1417 5556 mundus
1435 5500 1551 5556 adderet
1621 5499 1672 5556 542
1689 5498 1792 5553 Arator
1809 5507 1832 5566 1,
1845 5505 1898 5554 441
1912 5514 1963 5553 nec
1981 5514 2075 5566 poena

418 5603 576 5670 sequestrat
594 5617 664 5670 quos
684 5617 736 5672 par
753 5601 838 5671 culpa
856 5600 936 5673 ligat.
972 5601 1010 5656 ad
1026 5603 1185 5658 &amttam
1202 5604 1237 5670 cf.
1250 5604 1333 5660 Drac.
1344 5611 1367 5674 2,
1381 5609 1442 5662 428.
1460 5611 1485 5673 2,
1497 5611 1549 5658 417
1560 5619 1597 5672 sq.
1616 5609 1640 5671 2,
1653 5610 1705 5659 258
1722 5608 1771 5660 sat.
1783 5609 1845 5670 281,·
1863 5601 1901 5658 ad
1914 5607 2027 5657 metum
2038 5601 2074 5668 cs.

418 5704 487 5759 Hor.
500 5710 548 5760 aar.
563 5712 585 5774 1,
604 5712 630 5773 2,
645 5712 679 5760 42
697 5703 765 5774 qnid
784 5706 918 5762 inter-est
1460 5713 1462 5716 '
