4590 6390
1134 397 1338 454 unncouull

807 572 928 639 invidie
950 594 1041 639 mens
1065 594 1191 638 summe
1214 578 1313 656 caret,
1336 573 1471 639 laudere
1494 571 1612 638 decore

806 679 897 743 novit
919 683 951 741 et
973 677 1124 762 ingentes
1148 679 1299 744 attollere
1322 678 1443 764 gestiet
1466 683 1568 742 ectus.

807 779 863 846 dat
885 781 987 846 virtus
1010 783 1161 868 exempla
1183 781 1278 848 bonis
1301 782 1476 868 puerisque
1499 781 1668 869 pudorem,

807 883 959 950 debilites
983 905 1063 971 quos
1086 887 1176 951 lesse
1199 885 1328 973 premit.
1375 892 1420 966 tu,
1445 885 1539 950 fortis
1562 883 1722 964 Achilles,

739 1006 772 1061 10
808 989 882 1074 quid
906 990 1058 1074 prohibes
1081 990 1235 1070 tumulos,
1259 990 1408 1076 quemvis
1431 990 1557 1054 iectura
1580 987 1745 1074 sepulchri

804 1094 961 1158 temnitur
982 1099 1016 1159 et
1038 1093 1117 1158 nihil
1140 1101 1200 1172 est,
1225 1093 1311 1180 quod
1336 1093 1394 1176 vis,
1418 1094 1451 1157 in
1474 1099 1579 1158 morte
1602 1091 1781 1178 periclum?

808 1198 835 1262 si
859 1217 976 1263 sensus
1000 1203 1075 1284 post
1097 1197 1165 1263 lete
1187 1198 1283 1283 perit,
1307 1217 1364 1262 cur
1385 1195 1485 1262 busta
1507 1201 1691 1282 negentur?

808 1301 835 1364 si
859 1322 950 1366 mens
974 1302 1042 1366 ulle
1064 1305 1184 1380 menet,
1208 1299 1272 1364 iem
1294 1300 1417 1366 rectius
1441 1321 1520 1386 ergo
1545 1305 1678 1386 putetur

806 1425 871 1470 non
895 1405 1034 1492 requies,
1056 1404 1114 1470 sed
1137 1424 1245 1490 poene
1267 1424 1384 1490 rogus:
1408 1409 1573 1469 tormonte
1596 1403 1806 1491 sepulchrum

739 1525 771 1580 15
805 1508 925 1594 ingerit
948 1513 981 1574 et
1003 1527 1114 1572 menes
1138 1509 1277 1572 tolerent
1299 1528 1360 1594 per
1382 1505 1528 1574 membra
1550 1506 1708 1573 dolorem.

808 1611 867 1678 sed
891 1633 1024 1678 sensum
1048 1632 1121 1676 cum
1144 1612 1217 1677 luce
1242 1611 1338 1676 simul
1362 1617 1437 1697 post
1458 1611 1527 1677 fete
1549 1610 1668 1697 perire,

808 1715 963 1802 segnibus
986 1723 1020 1780 et
1042 1716 1151 1803 pueris
1174 1715 1330 1780 mentitur
1351 1715 1438 1780 ieme
1460 1716 1607 1782 relatrix.

808 1826 884 1885 sunt
906 1821 1034 1885 enimee
1057 1825 1132 1907 post
1155 1819 1301 1886 membre
1324 1819 1413 1905 piee3
1437 1840 1517 1905 ques
1541 1821 1639 1905 ignee
1662 1820 1765 1884 virtus

807 1925 892 1991 tollit
915 1923 957 1990 ed
979 1931 1068 1990 estre
1090 1925 1213 1990 micens
1237 1931 1270 1988 ct
1293 1923 1372 1988 solis
1394 1924 1428 1988 in
1451 1924 1531 1990 orbe
1554 1921 1704 1990 recondit

738 2045 774 2100 20
807 2029 939 2094 luneres
962 2049 1026 2093 non
1048 2049 1148 2115 pesse
1171 2027 1301 2113 globos;
1325 2048 1364 2092 ec
1388 2026 1531 2114 desuper
1554 2027 1667 2093 orbem

809 2137 987 2220 expectent
1008 2132 1187 2219 stellasque
1210 2151 1313 2217 reges
1336 2137 1371 2196 et
1394 2131 1488 2217 signe
1510 2132 1617 2197 leonis

808 2237 957 2323 Augusto
981 2235 1057 2322 quid
1080 2256 1193 2302 mense
1217 2239 1343 2322 parent,
1367 2234 1444 2320 quid
1467 2241 1578 2302 cetere
1600 2242 1760 2324 temptent

808 2345 1001 2406 ornemente
1023 2339 1096 2425 poli.
1142 2337 1251 2404 rident
1274 2359 1332 2405 sue
1354 2339 1503 2405 membre
1525 2339 1685 2424 videntes,

809 2445 932 2510 funeris
955 2443 1076 2509 ebiecti
1098 2443 1232 2529 fragiles
1254 2449 1288 2508 et
1310 2443 1455 2530 corporis
1477 2464 1567 2526 usus,

740 2566 774 2620 25
807 2553 843 2613 ut
866 2547 997 2613 doleant
1019 2548 1148 2613 enimse
1170 2549 1237 2612 iem
1259 2547 1413 2614 libertate
1436 2555 1572 2635 recepte

809 2653 999 2739 corporibus
1023 2651 1148 2718 vixisse
1171 2651 1238 2716 suis
1262 2657 1296 2716 et
1318 2652 1431 2717 oleuse
1454 2653 1568 2717 tulisse

811 2757 950 2821 cerceris
974 2756 1113 2841 angusti.
1159 2755 1299 2820 tumulos
1322 2761 1379 2820 eut
1402 2756 1532 2821 ossibus
1557 2777 1655 2822 urnas

809 2859 989 2945 dedignent
1011 2859 1151 2940 animes,
1174 2879 1239 2923 non
1262 2864 1377 2923 curent
1399 2859 1463 2924 vile
1487 2861 1700 2947 sepulchrum

811 2971 845 3029 et
867 2965 1026 3051 plongunt
1048 2984 1114 3028 non
1137 2983 1212 3028 esse
1235 2963 1339 3044 simul,
1364 2983 1444 3049 quos
1467 2984 1549 3028 urna
1572 2965 1720 3051 polorum

742 3085 776 3143 30
811 3067 933 3134 claudit
956 3074 990 3133 et
1012 3053 1194 3132 aetherium
1220 3065 1374 3132 Phoebus
1399 3067 1570 3154 suspendit
1593 3068 1635 3134 ad
1659 3090 1766 3136 exem.

811 3172 1011 3238 adventurus
1035 3171 1110 3253 eris,
1133 3171 1239 3256 pietas
1262 3171 1290 3235 si
1314 3177 1428 3237 sencta
1450 3173 1596 3238 manebit

812 3296 945 3362 corpore
968 3273 1138 3360 belligero,
1162 3275 1189 3339 si
1211 3294 1275 3339 non
1299 3274 1441 3342 crudelis
1464 3276 1498 3340 in
1522 3275 1618 3342 hoste

811 3387 886 3466 post
908 3380 1009 3445 vitem
1031 3379 1199 3444 morientis
1224 3379 1300 3460 eris,
1329 3379 1355 3444 si
1378 3379 1512 3445 immitis
1538 3380 1686 3448 Achilles

811 3505 873 3550 nco
895 3490 971 3571 post
993 3483 1081 3550 belle
1102 3503 1217 3550 manes
1240 3503 1301 3549 neo
1325 3489 1473 3569 spectent
1494 3485 1610 3551 funere
1632 3507 1754 3574 poenes

743 3608 777 3664 35
812 3589 946 3654 arbitrio
971 3588 1119 3654 subiecta
1140 3594 1206 3668 tuo,
1231 3587 1259 3652 si
1280 3588 1425 3674 parcitur
1447 3589 1584 3670 umbris,

812 3694 978 3782 quaesitor
1000 3712 1082 3780 ques
1105 3697 1235 3779 torquet
1258 3713 1350 3776 evus,
1374 3693 1401 3757 si
1424 3714 1504 3760 vere
1525 3693 1685 3761 feruntur.

898 3819 938 3863 nr
960 3817 1092 3872 mones:
1116 3818 1142 3862 sr
1164 3817 1239 3862 Posr
1259 3817 1354 3862 vrrnu
1374 3817 1486 3864 1111111
1506 3818 1649 3865 consone
1669 3822 1725 3867 svn

899 3921 1086 3978 nnsrrcrvur,
1109 3920 1169 3965 nno
1189 3920 1332 3966 nscronn
1351 3921 1412 3966 svn
1436 3915 1597 3969 noonuvs?

461 4011 697 4092 QVAESTIO
818 4029 883 4073 non
906 4007 1041 4088 Hector,
1066 4005 1125 4071 sed
1148 4003 1245 4070 Trois
1267 4011 1362 4092 roget
1384 4007 1559 4094 miserique
1582 4015 1744 4096 parentes,

815 4111 1043 4179 Andromache
1066 4108 1199 4176 riduate
1221 4110 1322 4196 gemit
1346 4110 1398 4176 vel
1421 4110 1463 4176 ed
1485 4111 1587 4178 ubere
1608 4135 1744 4200 pervum

522 4395 540 4448 8
557 4399 581 4448 et
597 4394 614 4448 9
632 4397 759 4464 —premit
775 4395 850 4448 babet
868 4394 893 4446 V
905 4395 953 4462 fol.
964 4401 1006 4454 4¹,
1020 4397 1044 4459 2,
1058 4398 1096 4458 12,
1113 4395 1141 4446 ia
1158 4411 1208 4460 pue
1226 4394 1319 4460 kqitur
1334 4394 1460 4446 Debilitat
1476 4409 1542 4459 quos
1559 4393 1634 4460 lapse
1652 4395 1744 4462 premit
1814 4394 1845 4448 11
1864 4396 1973 4462 quodvis
1992 4395 2074 4448 Dolon

452 4485 480 4535 in
491 4485 548 4552 fine
565 4485 678 4552 piaclum
697 4483 818 4535 Bdbreee
914 4480 947 4534 12
969 4482 1011 4532 oui
1029 4481 1107 4533 busta
1130 4482 1163 4544 N,
1181 4499 1250 4533 corr.
1262 4481 1344 4531 Dulce
1437 4478 1470 4532 13
1492 4481 1538 4532 Sin
1561 4479 1683 4532 Bolum
1760 4491 1846 4534 menet
1870 4490 1896 4535 et
1913 4483 1965 4536 ianr
1984 4490 2073 4551 pectus

417 4588 479 4639 ergo
497 4569 604 4636 putetur
625 4571 661 4621 cic
682 4567 816 4636 (punctum
837 4585 919 4635 cupro
942 4587 958 4636 p
976 4569 1019 4620 vic
1036 4568 1161 4620 &tedae
1179 4569 1278 4620 litterae
1296 4565 1461 4632 destinatum)
1481 4567 1515 4630 N,
1537 4585 1605 4620 corr.
1619 4567 1746 4621 Bstclceler
1836 4569 1868 4623 15
1886 4579 1943 4638 post
1960 4571 2074 4622 membre

418 4657 539 4709 Bdbreae
627 4653 659 4707 17
677 4657 801 4724 signibus
820 4655 851 4706 N
931 4653 963 4708 21
984 4656 1123 4722 Exspectat
1141 4653 1174 4718 N,
1193 4672 1261 4707 corr.
1274 4653 1367 4717 Dulce,
1391 4655 1534 4721 Aspectent
1551 4652 1673 4706 Btlllrene
1759 4653 1794 4707 23
1811 4657 1970 4710 Ornamentis
1988 4657 2025 4718 (11
2041 4672 2075 4706 ex

418 4745 448 4808 ti)
466 4743 498 4794 N
578 4741 613 4795 24
630 4743 723 4795 adiecti
741 4741 774 4806 N,
793 4759 860 4793 corr.
874 4741 1001 4793 Bdcbeler
1089 4739 1122 4792 26
1140 4739 1231 4793 clauso
1248 4740 1283 4803 N,
1306 4757 1373 4792 corr.
1386 4738 1475 4804 Dete,
1501 4740 1615 4794 cleustre
1632 4741 1754 4794 Butrem
1840 4740 2072 4810 transgressum

419 4831 532 4883 tumulos
550 4830 585 4896 N,
604 4848 672 4882 corr.
685 4828 767 4881 1111111
858 4825 892 4879 29
910 4829 963 4879 Noc
981 4845 1025 4894 epo
1044 4828 1105 4879 olim
1173 4845 1227 4879 non
1245 4844 1309 4894 opus
1333 4835 1368 4877 eet
1387 4843 1451 4894 ques
1473 4827 1582 4879 scribere
1669 4827 1702 4880 31
1726 4830 1784 4881 Hec
1802 4837 1927 4881 venturus
1945 4829 2074 4892 Bithrens,

420 4917 505 4968 debuit
529 4919 589 4968 Huc
613 4916 654 4967 cel
675 4917 729 4966 Hss
834 4913 869 4965 33
890 4915 1028 4965 marcentis
1054 4913 1180 4980 Roerbcrp
1259 4914 1364 4965 immitis
1392 4913 1418 4964 U.
1441 4913 1561 4976 Solmskl,
1589 4915 1658 4966 mitis
1686 4913 1718 4964 N
1820 4914 1854 4968 35
1881 4917 1996 4982 parcitur
2021 4934 2074 4983 ego,

420 5004 525 5070 parcitis
545 5003 578 5070 N,
596 5003 681 5070 percis
699 5011 725 5056 at
742 5002 863 5066 Schenkl,
880 5002 989 5069 persenis
1007 5001 1133 5068 Boeoberp
1220 4998 1253 5052 38
1272 5001 1350 5053 uelud
1369 5002 1451 5054 ubere
1469 5001 1502 5068 N,
1521 5019 1587 5054 corr.
1602 5001 1731 5067 Btlbrem,
1749 5002 1792 5054 uel
1810 5009 1839 5054 ut
1858 5002 1936 5054 ubere
1954 5001 2036 5053 Dalm

525 5260 557 5314 15
576 5257 681 5314 haee.
694 5267 717 5330 6,
730 5267 778 5316 657
795 5259 884 5316 morbi
902 5277 952 5332 per
969 5257 1094 5314 membra
1111 5257 1235 5315 dolorem
1306 5258 1510 5326 merucesc,
1523 5265 1555 5314 29
1572 5259 1612 5312 eol
1628 5263 1755 5330 preestet
1774 5277 1837 5316 cum
1855 5257 1960 5315 lumine
1978 5273 2075 5312 sensus

457 5362 488 5416 18
507 5361 686 5432 1111111117
708 5382 777 5434 quos
798 5365 881 5437 ignea
903 5363 1043 5421 virtus...
1067 5362 1209 5434 patientes
1231 5361 1354 5417 aetheris
1377 5361 1426 5415 imi
1449 5361 1520 5416 lacit
1623 5363 1658 5418 23
1677 5363 1783 5419 Lucan.
1799 5372 1821 5432 9,
1835 5373 1865 5418 11
1890 5360 2008 5430 risitque
2032 5358 2076 5414 sui

421 5463 545 5520 ludibria
567 5468 659 5523 trunci
762 5469 796 5521 26
818 5467 913 5521 clnusa
935 5469 970 5533 cs.
988 5468 1096 5524 moret.
1114 5478 1136 5536 1,
1155 5475 1216 5523 354.
1239 5476 1265 5534 4,
1282 5473 1329 5522 611
1416 5464 1521 5520 Lucan.
1536 5473 1560 5534 6,
1575 5472 1619 5520 721
1642 5465 1767 5520 claustro
1791 5467 1937 5520 timentem
1956 5463 2077 5519 carceris

422 5569 536 5641 antiqui
548 5572 666 5625 animam
735 5571 769 5625 28
786 5587 901 5626 non...
920 5575 949 5627 et
966 5588 1063 5630 nec...
1082 5589 1129 5628 osc
1197 5569 1846 5642 3371111111301ω11111111111111(3,87)
1915 5567 1949 5623 38
1964 5565 2072 5624 Homer.

423 5683 474 5732 565
492 5674 685 5731 Andromache
704 5692 877 5746 parvumque
896 5693 913 5731 e
931 5679 1044 5747 pectore
1063 5681 1162 5734 netum
1180 5678 1355 5749 Astyanacta
1372 5681 1452 5735 tenet
