4554 6396
930 338 1108 396 uouvnnt
1126 340 1149 396 V

612 519 769 601 quantum
792 513 883 582 dives
906 515 1018 599 habet,
1042 522 1197 604 quantum
1221 539 1281 584 neo
1305 539 1432 607 pauper
1451 518 1608 586 habebit?

611 619 696 686 adde
719 619 807 707 quod
830 621 946 686 infelix
969 643 1096 710 pauper
1118 643 1178 688 neo
1200 628 1296 688 noete
1320 625 1518 711 propinquat

612 721 721 788 divitis
744 723 785 789 ad
808 729 947 801 teatum;
971 746 1047 790 nam
1070 746 1148 792 mox
1170 747 1229 813 pro
1252 727 1322 794 lure
1345 733 1486 811 tenatur,

613 833 791 893 nootumus
815 835 982 914 grassator
1005 829 1077 910 erit,
1100 829 1234 896 ferietur
1255 831 1389 898 inermis

526 949 577 1006 190
612 937 646 997 et
667 937 849 1018 prostratus
873 933 965 1018 inops
989 933 1168 1000 armabitur
1191 955 1270 1001 ense
1294 943 1439 1012 eruento,

611 1041 647 1101 ut
669 1035 815 1122 gladium
839 1037 1013 1102 strinxisse
1036 1043 1132 1124 putes
1155 1039 1188 1104 iu
1212 1039 1278 1104 latu
1300 1043 1443 1127 potentis

611 1139 720 1206 divitis
743 1147 819 1206 ante
843 1141 940 1207 tores.
973 1142 1117 1209 medicos
1140 1150 1196 1210 aut
1218 1144 1303 1210 forte
1325 1146 1491 1212 ministros

612 1245 787 1312 sollicitare
810 1251 920 1333 potest
941 1246 1051 1312 audax
1074 1247 1134 1312 sub
1156 1255 1252 1315 noete
1275 1250 1394 1332 silenti,

612 1351 667 1436 qui
691 1354 750 1414 sub
773 1351 847 1416 luoe
869 1352 977 1438 fugit?
998 1352 1134 1439 pavidos
1156 1353 1310 1420 informat
1332 1363 1481 1441 egestas;

526 1469 576 1526 195
612 1453 744 1518 divitiae
766 1455 851 1520 vires
874 1461 1044 1542 praestant
1066 1458 1258 1544 animosque
1281 1467 1461 1542 resumunt,

612 1567 788 1645 paupertas
812 1560 960 1626 conferre
983 1567 1099 1639 metus,
1123 1561 1253 1629 adferre
1276 1585 1433 1651 pavorem

613 1661 730 1748 <no)vit
753 1668 787 1730 ot
807 1664 840 1728 in
863 1665 999 1730 miseros
1022 1686 1151 1753 sempor
1173 1668 1339 1735 stimulare
1361 1676 1524 1756 potentes.

217 1861 475 1950 (QVAESTIO)
617 1871 753 1937 forsitan
777 1872 914 1938 obicias:
937 1874 1029 1940 urbis
1052 1874 1204 1942 delensor
1226 1875 1381 1952 habetur;

612 1997 676 2042 non
699 1998 779 2063 opus
802 1983 854 2044 est
875 1978 1032 2060 laedatur,
1056 1981 1114 2045 ais.
1158 2001 1220 2046 noe
1243 1981 1355 2047 laedat
1377 1981 1545 2064 honestos,

525 2096 577 2154 200
611 2081 644 2146 in
669 2096 840 2148 commune
863 2082 969 2148 bonus
992 2089 1079 2150 totos
1102 2083 1258 2160 defendat
1281 2091 1315 2152 et
1338 2094 1443 2170 ornat,

613 2185 718 2270 erigat
739 2207 924 2272 oppressos,
946 2186 1119 2254 mediocris
1143 2209 1266 2276 pauper
1288 2197 1427 2256 ametur.

612 2309 677 2352 non
700 2288 774 2354 ideo
798 2290 921 2355 bollum
944 2295 1012 2356 tota
1034 2293 1153 2358 virtute
1175 2294 1322 2380 peregit,

613 2399 649 2457 ut
671 2393 769 2460 liooat
792 2395 854 2460 aivi
879 2396 966 2461 aives
990 2396 1123 2484 impuno
1147 2418 1279 2464 neeare.

611 2497 726 2563 fortior
747 2505 800 2564 est
822 2497 913 2564 dives
935 2499 1071 2581 iuvenis,
1094 2501 1199 2587 magis
1222 2500 1297 2566 inde
1320 2500 1492 2568 timendus.

525 2617 577 2674 205
613 2600 746 2668 divitiae
771 2601 898 2688 (fortes)
923 2624 1052 2690 sempor
1074 2604 1182 2670 leuare
1205 2611 1376 2692 tyrannos:

611 2705 686 2772 hine
709 2705 842 2788 Marius,
865 2707 942 2772 hino
965 2707 1056 2795 Sylla
1077 2708 1178 2790 serus,
1201 2709 1277 2776 hina
1301 2709 1407 2777 Oinoa
1429 2716 1596 2796 emeatus,

611 2809 687 2876 inde
709 2810 771 2876 fnit
794 2809 928 2893 Caesar,
951 2811 1126 2886 dominatio
1150 2815 1256 2900 prima
1277 2821 1425 2882 senatus.

612 2936 687 2980 nam
711 2915 850 2982 domitor
871 2915 1009 3002 Libyae,
1032 2916 1193 2983 bellorum
1218 2917 1328 3005 Scipio
1351 2918 1486 2998 lulmon,

610 3019 703 3084 sortis
726 3018 857 3085 adultus
880 3019 987 3085 adhue
1010 3026 1097 3086 totos
1121 3022 1176 3107 qui
1199 3023 1277 3087 vioit
1299 3021 1445 3088 Hiberos

524 3139 576 3196 210
610 3123 870 3211 Hannibalisque
895 3133 1018 3190 truoem
1041 3125 1141 3211 fregit
1161 3147 1222 3212 por
1243 3126 1334 3192 bella
1355 3127 1499 3192 furorem

612 3249 650 3293 ao
673 3229 898 3315 populatorem
921 3228 1088 3295 Romanae
1112 3231 1219 3316 gentis
1243 3229 1356 3316 adogit

613 3332 748 3400 sorbere
774 3332 977 3398 mortiterum
1001 3353 1062 3399 eeu
1084 3334 1202 3420 poeula
1225 3333 1347 3400 blanda
1369 3355 1534 3401 venenum

612 3443 646 3502 et
668 3443 768 3524 eaput
790 3437 970 3503 infaustum
992 3436 1122 3524 legatus
1147 3439 1238 3504 vexit
1261 3437 1303 3503 ad
1325 3437 1451 3520 urbem,

612 3542 794 3608 Minturnas
815 3541 969 3628 depulsus
993 3542 1073 3609 obit.
1118 3543 1191 3628 pius
1214 3542 1290 3610 inde
1314 3541 1473 3609 Camillus

525 3663 576 3719 215
611 3647 729 3712 missus
752 3647 787 3711 in
809 3647 958 3721 exilium;
982 3667 1043 3713 neo
1066 3645 1208 3712 Romula
1230 3652 1318 3712 taeta
1341 3645 1478 3727 rideret,

612 3750 645 3814 ni
668 3750 747 3815 satis
771 3749 913 3833 offemet,
935 3750 1039 3815 vietor
1060 3749 1138 3814 lieet
1161 3751 1239 3815 exul
1262 3750 1303 3816 ab
1327 3750 1418 3832 urbe,

613 3875 687 3918 eum
708 3853 928 3919 Romanorum
955 3853 1060 3918 Gallis
1083 3853 1204 3918 vexilla
1227 3855 1373 3931 tulisset3

613 3959 690 4023 exul
713 3963 747 4024 at
769 3959 909 4024 extorris
933 3959 1050 4022 meruit
1072 3957 1113 4022 de
1136 3957 1228 4023 elada
1251 3957 1459 4044 triumphum.

612 4062 774 4128 mentibus
795 4062 946 4148 ingenuis
969 4083 1100 4149 sempor
1122 4083 1180 4148 pro
1203 4062 1278 4149 lege
1301 4068 1426 4128 tenete:

525 4183 578 4242 220
613 4168 745 4234 solliciti
767 4167 896 4232 veniam
919 4165 1039 4232 debent
1062 4185 1195 4253 sperare
1217 4171 1383 4252 potentes,

613 4272 720 4338 securi
742 4293 784 4338 ne
807 4292 910 4357 regna
932 4275 1056 4357 patant.
1100 4269 1159 4336 das
1182 4271 1249 4336 otia
1272 4291 1379 4336 servo:

611 4397 688 4442 mox
709 4376 792 4442 liber
813 4376 883 4440 vult
905 4395 978 4441 asse
1002 4395 1091 4440 suus.
1136 4376 1201 4440 iam
1225 4395 1321 4441 nemo
1344 4375 1473 4462 quietus

612 4479 720 4546 divitis
743 4479 870 4545 insidiis
893 4478 1024 4544 durabit
1046 4499 1191 4566 paupera
1215 4499 1321 4546 caeso.

321 4723 369 4778 191
388 4727 499 4794 petentis
516 4726 551 4791 N,
570 4743 638 4778 οων.
654 4725 737 4778 Dran
831 4724 881 4778 191
904 4727 1019 4779 infirmat
1036 4725 1131 4791 Haupt
1222 4722 1271 4776 191
1290 4740 1307 4766 a
1326 4726 1365 4776 uit
1387 4722 1510 4790 (epatium
1527 4724 1644 4776 relictum
1662 4725 1763 4776 ἅααὸιιε
1781 4723 1871 4776 litteris

215 4810 317 4881 aptum)
333 4813 367 4878 N,
392 4813 501 4880 expleuit
524 4813 619 4875 Dolum
641 4814 728 4866 suevit
744 4813 872 4880 Rossterg
957 4821 1020 4879 post
1044 4811 1094 4866 191
1113 4813 1236 4864 lacunam
1260 4813 1348 4864 statuit
1370 4811 1464 4872 Dalm
1486 4829 1531 4879 epo
1551 4821 1617 4878 pato
1640 4831 1694 4864 aon
1714 4813 1799 4865 deuse
1819 4813 1871 4863 uisi

214 4901 316 4952 tituttum
341 4918 423 4953 aevae
446 4900 612 4966 quaestionis,
638 4917 711 4966 quem
736 4901 830 4952 addidi
933 4899 985 4953 205
1009 4916 1025 4942 θ·
1046 4899 1145 4963 Diuitle
1168 4915 1267 4966 sempor
1290 4915 1340 4965 eqo.
1363 4899 1440 4950 auito
1463 4899 1560 4950 lacuna
1584 4899 1617 4963 N,
1638 4899 1750 4964 explevi,·
1775 4899 1871 4950 nimiae

214 4988 356 5040 addiderat
367 4987 448 5040 Doto
517 4985 678 5040 martam
691 4988 834 5039 dominator
846 4986 976 5054 LybieN,
993 5004 1061 5038 corr.
1074 4985 1156 5036 Data
1225 4984 1276 5037 216
1295 4985 1388 5038 lioaN
1452 4983 1505 5038 990
1522 4993 1642 5054 parentas
1655 4986 1690 5050 N,
1708 5003 1775 5036 corr.
1789 4985 1871 5037 Drelro

250 5073 303 5127 999
320 5075 423 5137 Libera,
442 5092 501 5126 mox
520 5073 613 5141 Paper
700 5071 751 5126 993
769 5074 866 5126 durarit
883 5071 942 5136 (aio)
961 5073 995 5137 N,
1013 5090 1081 5124 corr.
1094 5071 1176 5123 Dalm

319 5298 372 5354 200
389 5298 495 5356 Laseaa.
508 5308 532 5370 2,
544 5307 596 5358 389
607 5301 698 5376 regidi
709 5306 836 5359 servator
848 5301 958 5358 honesti
973 5299 1002 5356 in
1016 5318 1160 5358 commone
1172 5300 1261 5356 bonus
1331 5299 1381 5355 901
1395 5299 1528 5368 1012696
1598 5300 1650 5358 900
1662 5299 1769 5355 Lucan.
1784 5307 1809 5367 4,
1821 5305 1910 5354 822·

215 5401 295 5458 Sulla
312 5407 413 5474 potens
434 5404 595 5476 Mariusque
616 5406 693 5462 ferox
718 5409 748 5462 ot
772 5405 860 5462 Cinna
884 5409 1014 5462 eruentus
1040 5405 1248 5474 Caesareaeque
1274 5403 1371 5459 domus
1396 5401 1481 5458 series
1578 5403 1629 5461 908
1654 5403 1740 5459 Lam
1760 5409 1786 5471 3,
1806 5409 1871 5458 1034

215 5507 361 5579 Scipiades
379 5509 446 5566 belli
463 5510 569 5568 fulmen
652 5513 704 5570 919
720 5511 817 5580 subulo
834 5527 890 5566 non
908 5510 1021 5566 otiando
1038 5515 1104 5568 notu
1120 5509 1222 5564 anaor
1303 5509 1355 5564 214
1372 5508 1530 5563 Minturnas
1547 5505 1675 5575 amasa
1693 5512 1732 5562 ast
1749 5505 1870 5575 Marias,

216 5617 246 5667 ot
264 5611 354 5682 Scipio
372 5614 480 5669 Literni
497 5615 560 5671 obiit
576 5617 625 5686 (es.
639 5615 713 5672 Oroa.
731 5625 757 5686 4,
774 5623 816 5684 20,
833 5624 866 5672 29
884 5617 999 5672 exulans
1018 5616 1094 5687 apud
1112 5613 1288 5669 Amiternum
1307 5611 1442 5684 oppidum
1459 5611 1556 5668 morbo
1574 5610 1680 5681 periit).

319 5723 482 5777 Semnones
500 5726 691 5784 Aamomssnu
707 5725 768 5776 xlv
782 5723 806 5776 1.
1632 5716 1665 5770 19
