4590 6390
887 372 1065 430 nouvtus
1084 372 1132 430 lX.
1150 373 1175 428 X

602 546 731 632 qnando
755 553 960 614 cruentatam
984 549 1063 615 fecit
1086 548 1127 614 de
1151 554 1255 615 matre
1278 569 1453 616 novercam

601 651 724 718 mixtus
747 672 858 718 amore
880 652 971 718 furor
993 652 1105 720 dotata
1126 654 1252 740 paelice
1275 654 1425 735 flammis,

601 777 758 842 squamea
781 757 904 844 viperei
927 757 1106 824 subdentes
1130 757 1215 824 colla
1237 756 1396 824 dracones

531 876 565 930 25
602 881 675 926 cum
698 881 837 947 rapuere
860 862 941 926 rotis
964 867 1038 949 post
1060 863 1177 929 funera
1200 869 1290 928 tanta
1312 866 1493 928 nocentem.

601 969 635 1030 te
657 965 763 1046 modo,
788 963 945 1052 Calliope,
968 974 1104 1053 poscunt
1128 972 1308 1054 optantque
1332 987 1476 1032 sorores:

600 1068 725 1136 dulcior
747 1076 784 1134 ut
806 1071 919 1136 venias
943 1070 1016 1155 (nee
1039 1076 1071 1136 te
1095 1070 1191 1136 decet
1213 1071 1260 1139 ire
1283 1070 1445 1157 rogatam)

601 1172 642 1238 ad
666 1194 726 1238 sua
749 1181 866 1256 castra,
890 1181 1016 1261 petunt.
1035 1237 1038 1244 ,
1060 1175 1152 1240 lauro
1176 1175 1342 1242 succincta
1363 1180 1482 1260 poetae

600 1277 750 1365 Pegaseo
774 1278 815 1344 de
838 1278 928 1344 fonte
952 1279 1037 1360 veni,
1061 1300 1125 1364 quo
1149 1299 1222 1344 rore
1246 1278 1406 1344 medullas

532 1396 567 1454 30
603 1387 637 1446 et
660 1402 777 1447 sensns
800 1381 935 1448 infunde
960 1403 1061 1448 meos.
1108 1403 1164 1448 cur
1186 1383 1307 1470 hospes
1330 1388 1468 1461 amatur,

602 1487 657 1573 qui
680 1486 873 1553 mactandus
897 1493 978 1566 erat,
1003 1487 1054 1552 vel
1079 1508 1137 1552 cur
1159 1492 1320 1552 mactatur
1343 1490 1492 1552 amatus?

677 1590 780 1680 dives
804 1592 891 1678 apud
915 1591 1064 1674 Colchos,
1088 1590 1226 1657 Phrixei
1249 1591 1378 1656 velleris
1401 1610 1525 1666 aurum,

601 1694 696 1781 pellis
720 1701 799 1778 erat,
823 1701 954 1761 servata
977 1695 1032 1761 diu
1056 1695 1192 1762 custode
1216 1694 1366 1761 dracone.

601 1799 685 1865 hane
709 1805 844 1888 propter
866 1800 976 1887 pelagi
1000 1806 1178 1866 temerator
1200 1800 1323 1887 primus
1345 1797 1444 1864 Iason

530 1918 565 1973 33
599 1910 745 1985 venerat,
768 1911 804 1969 ut
827 1905 942 1970 rutilas
964 1903 1163 1970 subduceret
1185 1904 1302 1970 arbore
1325 1903 1428 1968 lanas.

599 2013 637 2072 ut
660 2005 783 2094 Scytha
806 2009 979 2092 conspexit
1002 2007 1134 2074 Graiam
1159 2008 1200 2074 de
1223 2008 1334 2074 littore
1357 2005 1492 2093 puppim

600 2111 649 2176 ire
672 2133 732 2198 per
753 2112 912 2179 undosum
936 2113 1109 2200 proscissis
1132 2113 1282 2178 fluctibus
1306 2131 1436 2198 aequor,

599 2217 743 2303 expavit,
768 2239 843 2284 nam
866 2224 1011 2285 monstra
1033 2223 1142 2306 putat:
1168 2217 1240 2304 quis
1264 2215 1414 2284 crederet
1436 2235 1590 2301 umquam

602 2341 660 2407 per
682 2321 778 2405 freta,
800 2342 861 2408 per
884 2323 1016 2389 rabidas
1039 2323 1203 2388 hominem
1228 2321 1367 2387 transire
1391 2320 1579 2405 procellas?

528 2439 564 2496 40
599 2424 758 2492 barbarus
780 2427 894 2512 ignaro
917 2428 989 2514 regi
1010 2427 1075 2493 iarn
1098 2427 1230 2492 nuntius
1254 2426 1333 2505 ibat,

599 2549 684 2616 quoe
707 2551 794 2596 nova
816 2531 977 2617 perferret
998 2532 1152 2617 pelagum
1176 2529 1234 2596 sed
1257 2527 1394 2594 callidus
1417 2527 1514 2594 heros

600 2635 690 2700 solus
713 2633 811 2700 Iason
834 2634 941 2701 adhuc
965 2642 1061 2701 vento
1087 2640 1237 2701 currente
1261 2633 1372 2698 carina

599 2740 726 2824 prosilit
748 2741 781 2804 iu
804 2740 921 2804 fluctus
946 2746 979 2805 et
1001 2740 1114 2805 littora
1138 2739 1208 2804 visa
1230 2743 1343 2803 natatu

600 2843 742 2909 nudatus
766 2865 827 2910 cen
852 2851 952 2910 nauta
974 2844 1068 2930 petit.
1113 2841 1172 2908 sed
1196 2842 1339 2910 Colchus
1362 2846 1526 2926 alumnus¹

529 2963 564 3018 45
600 2949 732 3012 nuntius
755 2947 811 3014 ille
835 2948 922 3015 redit
945 2969 1055 3014 secum
1080 2949 1255 3012 comitante
1280 2948 1424 3028 inventa,

601 3057 638 3118 ut
659 3059 796 3119 nossent
818 3052 895 3138 qnid
920 3053 1038 3140 puppis
1061 3058 1142 3134 erat,
1166 3051 1242 3138 quid
1265 3053 1349 3134 velo,
1373 3051 1450 3139 quid
1473 3053 1579 3119 arbor.

599 3157 748 3223 membra
770 3157 830 3222 viri
853 3179 931 3223 mox
956 3157 1044 3223 nuda
1067 3156 1180 3222 vident
1202 3156 1359 3242 fugientis
1382 3156 1423 3222 ad
1446 3156 1565 3232 undas;

501 3319 502 3324 ,
601 3281 697 3346 qnem
723 3263 869 3348 sequitur
892 3261 1017 3328 directa
1040 3283 1156 3327 manns
1179 3262 1376 3347 capiuntque
1400 3267 1573 3347 paventem

601 3372 634 3432 et
658 3366 811 3432 manibus
834 3373 908 3452 post
931 3373 1025 3452 terga
1047 3365 1161 3451 ligant.
1206 3371 1284 3430 tunc
1307 3365 1389 3430 Iuno
1413 3364 1590 3450 Cytheren,

531 3484 567 3541 50
601 3475 638 3534 ut
660 3470 740 3534 vidit
763 3471 915 3536 iuvenem
940 3469 1112 3556 Scythicas
1134 3475 1259 3534 artesae
1283 3475 1416 3534 catenas

602 3579 636 3640 et
657 3573 793 3659 pavidos
815 3574 940 3660 fugisse
964 3575 1060 3639 simul
1083 3594 1156 3639 cum
1180 3593 1289 3660 puppe
1314 3572 1455 3655 sodales,

600 3676 803 3764 adloquitur:
830 3677 966 3743 ‘lasciva
988 3677 1113 3758 Venus,
1136 3676 1277 3742 iucunda
1298 3676 1447 3742 modesta

597 3781 721 3847 blanda
744 3786 861 3868 potens
884 3782 984 3865 mitis,
1008 3781 1149 3846 fecunde
1172 3786 1327 3846 venustas
1351 3780 1482 3860 amoris,

599 3885 736 3971 pulchra
758 3885 962 3971 voluptatum
986 3886 1138 3972 genetrix
1161 3891 1195 3951 et
1217 3906 1338 3950 numen
1360 3890 1536 3966 amantum,

530 4007 565 4061 55
601 3995 634 4056 tc
658 3989 770 4056 divum
794 3991 911 4078 regina
933 4010 1058 4077 precor,
1083 3996 1233 4056 matrona
1255 3989 1429 4056 Tonantis:

601 4100 651 4161 est
674 4095 769 4161 nimis
792 4101 949 4180 aceeptus
972 4093 1101 4161 iuvenis
1124 4095 1202 4160 mihi
1225 4095 1364 4180 pulcher
1385 4093 1495 4174 Iason,

598 4199 651 4285 qui
676 4198 820 4284 gelidum
844 4197 1008 4285 quondam
1032 4219 1160 4264 mecum
1184 4203 1412 4264 transnaverat
1434 4197 1553 4264 Istrum

597 4309 631 4369 et
653 4323 738 4368 nnnc
761 4301 879 4370 iulelir
901 4301 1040 4368 trahitur
1063 4303 1213 4389 captivus
1236 4300 1278 4367 ad
1301 4302 1410 4367 aulam

303 4545 337 4599 24
355 4546 467 4614 uipereis
485 4547 537 4613 Nn,
556 4565 623 4601 corr.
638 4547 765 4602 Bstchelrr
842 4546 877 4600 26
895 4549 968 4602 medo
986 4548 1021 4614 N,
1038 4548 1113 4601 modo
1130 4565 1149 4600 ιι
1227 4545 1260 4599 27
1278 4563 1326 4600 nec
1344 4555 1369 4600 te
1386 4563 1441 4614 ego,
1459 4555 1534 4600 noete
1552 4546 1590 4607 N‚·
1607 4564 1677 4600 nunc
1696 4557 1721 4602 te
1734 4547 1860 4602 Bstclreler

235 4643 351 4702 rogatam
364 4632 424 4700 (sic)
436 4634 470 4700 N,
488 4637 578 4703 supple
590 4637 635 4690 sed
653 4643 753 4704 sponte,
764 4637 798 4703 cf.
814 4635 854 4688 VI
862 4640 895 4688 24
970 4633 1003 4688 31
1022 4637 1073 4702 Qui
1091 4635 1183 4703 (facila
1195 4651 1249 4701 pro
1267 4635 1324 4699 Qua
1342 4635 1493 4702 legipotevt)
1508 4635 1541 4697 N,
1560 4636 1618 4699 Qus
1629 4653 1648 4686 a
1728 4633 1762 4687 32
1780 4638 1860 4689 Diues

200 4737 295 4788 magna
308 4721 406 4772 initiali
417 4721 462 4773 Nu
540 4719 574 4774 39
593 4723 696 4775 tabidas
708 4721 743 4786 N,
762 4741 829 4775 corr.
844 4722 925 4774 Duhn
1006 4721 1042 4775 40
1059 4724 1167 4775 nuntius
1179 4723 1213 4788 N,
1232 4723 1332 4774 Mutius
1350 4721 1386 4772 sic
1403 4739 1421 4771 ιι
1495 4719 1529 4772 42
1546 4719 1633 4788 vento]
1653 4721 1721 4773 lente
1740 4722 1861 4774 Br'threrra

234 4805 270 4859 44
291 4809 394 4860 Colchis
417 4807 451 4874 N,
478 4826 546 4861 corr.
564 4808 646 4861 Duha
733 4808 767 4862 45
792 4807 889 4877 secum]
912 4811 983 4862 socia
1005 4809 1131 4876 Rorrbcrp
1149 4827 1180 4861 ec
1196 4808 1272 4860 VIII
1284 4812 1334 4860 449
1428 4805 1463 4859 46
1485 4817 1573 4860 nosset
1593 4807 1629 4870 N,
1652 4825 1717 4860 corr.
1733 4807 1861 4860 Br'ichcler

233 4892 268 4946 47
286 4895 321 4946 ab
339 4895 408 4947 unda
426 4895 480 4948 Leo
566 4894 601 4950 49
618 4895 741 4950 citharam
758 4895 790 4946 N
881 4893 1045 4949 sevonum
1067 4897 1159 4948 decors
1177 4895 1294 4958 Ribbeck,
1313 4901 1422 4947 venusta
1440 4895 1528 4946 suavis
1546 4893 1668 4946 Bdhrear

302 5123 335 5180 77
360 5123 404 5179 VI
417 5130 450 5178 24
467 5127 567 5195 sponte
585 5119 679 5179 venire
698 5123 786 5188 decet,
809 5139 864 5180 non
884 5125 912 5178 te
931 5121 1012 5178 deest
1036 5119 1076 5176 ire
1097 5123 1225 5192 rogatam
1313 5120 1347 5175 32
1369 5119 1407 5173 ad
1423 5125 1510 5186 2456
1603 5118 1637 5174 36
1655 5117 1690 5184 cs.
1704 5123 1768 5174 Aac.
1782 5120 1858 5178 Med.

195 5227 248 5296 srg.
261 5233 326 5284 1-3
413 5227 447 5281 37
471 5227 728 5300 Verq.Aen.4,313
749 5227 1014 5298 parandorum...
1034 5242 1139 5294 aequor
1229 5223 1263 5279 38
1287 5222 1391 5278 onars
1409 5231 1433 5292 2,
1447 5229 1480 5278 43
1502 5222 1565 5293 quis
1584 5223 1708 5278 crederet
1726 5241 1859 5292 umquam
1932 5199 1937 5210 ⁶

198 5332 289 5388 aerias
314 5329 457 5388 hominum
484 5349 597 5403 carpere
623 5349 704 5403 posse
718 5331 778 5387 vias
881 5331 916 5387 48
946 5329 991 5385 Oc.
1011 5334 1071 5385 met.
1090 5334 1115 5396 3,
1135 5337 1181 5384 373
1206 5327 1388 5399 cepimus..
1414 5327 1544 5382 menibus
1567 5330 1631 5396 post
1656 5329 1737 5398 terga
1761 5325 1859 5396 ligatis

233 5437 268 5494 50
279 5453 340 5507 sqq.
357 5440 392 5505 cs.
404 5439 495 5509 Apoll.
510 5439 595 5494 Rhod.
611 5446 635 5507 3,
648 5447 666 5496 8
678 5456 732 5508 sqq.
749 5439 807 5495 Vol.
821 5438 866 5494 Fr.
881 5446 903 5508 7,
917 5445 966 5494 158
977 5454 1031 5506 sqq.
1104 5437 1138 5492 56
1156 5437 1242 5505 Apoll.
1257 5434 1343 5491 Rhod.
1356 5441 1381 5503 3,
1392 5443 1426 5490 66
1439 5434 1526 5500 (veroa
1540 5433 1666 5500 Iunonis)
1683 5431 1729 5486 καὶ
1748 5431 1860 5491 ollitas

198 5538 239 5595 ἔτι
262 5540 307 5595 καὶ
330 5541 397 5616 πρὶν
419 5541 479 5614 ἐμοὶ
505 5545 580 5614 μέγα
605 5539 714 5614 φίλτατ’
732 5543 829 5614 Ἰήσων
927 5543 960 5598 hl
973 5541 1081 5606 ,Glauci
1101 5557 1183 5597 carno
1198 5541 1263 5596 min.
1283 5548 1321 5609 77,
1339 5549 1354 5594 7
1373 5540 1498 5611 gelidum
1522 5537 1712 5595 transnaverit
1735 5538 1859 5594 Histrum

197 5646 241 5712 isss·
256 5653 296 5715 2⁶,
309 5651 373 5716 ⁴⁸9)
