4932 6506
1087 431 1262 489 Ronanus
1281 433 1306 488 X

768 614 923 698 coeperat
945 607 1089 676 ostendi:
1111 610 1176 675 iam
1199 614 1276 674 tune
1299 609 1474 674 mandente
1497 614 1634 696 tyranno

768 733 845 780 enee
868 712 1059 779 trahebatur
1081 733 1143 778 eeu
1165 719 1278 778 taurus
1301 712 1437 800 pulehsr
1458 711 1568 795 Iason,

683 833 733 892 180
767 837 864 904 quem
887 815 1033 903 sequitur
1054 815 1174 884 Medea
1194 836 1317 882 nooeus
1339 821 1521 902 arguatque
1543 816 1708 883 ministros

766 919 888 986 nudato
910 940 1065 986 mucrone
1088 919 1209 987 iurans.
1254 918 1392 986 delubra
1414 919 1567 986 aubibant

766 1025 896 1111 iamque
919 1023 1179 1112 propinquabant
1201 1023 1275 1090 aris.
1321 1023 1380 1090 sed
1401 1045 1522 1091 numen
1545 1029 1714 1090 amantum

767 1128 876 1194 furtim
899 1129 1022 1215 templa
1044 1128 1142 1214 petit:
1166 1134 1346 1193 sonuerunt
1367 1129 1436 1194 tela
1458 1128 1629 1215 pharetris.

767 1233 894 1298 exultat
915 1233 1031 1318 gavise
1052 1231 1149 1296 nimis
1172 1229 1291 1298 Medea
1314 1231 1483 1297 saeerdos:

682 1353 732 1411 185
766 1337 906 1404 telorum
928 1336 1100 1424 strepitum
1123 1340 1236 1401 eastae
1259 1340 1353 1423 putat
1374 1355 1465 1400 arma
1487 1333 1616 1401 Dianae

765 1441 966 1527 increpuisse
988 1439 1087 1521 tholo,
1109 1437 1214 1506 eredit
1237 1458 1297 1505 sua
1318 1445 1396 1504 vota
1419 1437 1573 1505 saeerdos

766 1551 843 1611 ante
865 1565 980 1630 praees
1004 1543 1134 1609 audisse
1157 1542 1261 1610 deam.
1306 1563 1384 1608 mox
1406 1563 1528 1609 numen
1550 1541 1690 1609 adorans

765 1647 874 1716 ‘omen
897 1646 1314 1734 adest’inquit‚‘'1¹riviam
1337 1654 1380 1728 te,
1403 1647 1499 1714 Luna
1520 1647 1638 1728 Diana,

767 1753 924 1819 confiteor
946 1757 1104 1840 perstans,
1128 1751 1223 1818 heres
1246 1751 1445 1838 Proserpina
1467 1751 1597 1829 muudi;

681 1873 732 1932 190
765 1879 842 1922 nem
864 1857 928 1922 tria
949 1877 1051 1942 regna
1073 1861 1180 1922 tenes:
1203 1861 1238 1920 tu
1261 1856 1352 1921 eaelo
1375 1854 1516 1943 Cynthia
1539 1877 1667 1943 regnas,

729 1968 733 1976 '
766 1961 916 2028 venatrix
938 1965 1069 2027 terrena
1090 1961 1203 2042 minas,
1227 1960 1318 2047 capis
1341 1961 1425 2028 stria
1447 1959 1543 2045 Ditis,

766 2073 914 2154 tempora
936 2063 1132 2131 distribuens
1155 2065 1264 2151 regnis
1286 2069 1319 2130 st
1342 2063 1491 2130 eursibus
1514 2069 1606 2151 apta:

766 2171 830 2235 iam
854 2175 965 2256 grates
988 2167 1099 2235 audite
1120 2169 1246 2254 loquor.
1291 2169 1377 2234 ieeet
1400 2168 1506 2234 hostia
1527 2169 1657 2256 templis

765 2295 825 2362 per
846 2274 964 2339 fluetus
987 2272 1127 2339 advecta
1149 2271 1236 2340 tuis?
1279 2272 1326 2340 sie
1348 2271 1417 2338 fata
1437 2293 1497 2359 per
1520 2293 1594 2338 aras
1701 2277 1705 2286 '

680 2393 730 2451 195
765 2377 857 2463 virgo
881 2381 1017 2443 eruenta
1037 2377 1157 2442 molam
1180 2376 1313 2464 perfert.
1358 2381 1393 2442 at
1414 2377 1553 2464 mystica
1574 2377 1685 2443 nutrix

764 2481 855 2548 iesse
875 2479 954 2546 lieet
975 2479 1192 2547 tremebunda
1214 2486 1335 2566 gemat,
1357 2485 1466 2545 tamen
1490 2481 1564 2568 ipsa
1585 2481 1747 2548 iaeentem

764 2584 900 2652 tendere
924 2585 1009 2651 oolla
1031 2584 1123 2651 iubet
1145 2585 1197 2650 rel
1220 2589 1356 2672 pectora
1377 2605 1481 2672 prona
1502 2585 1642 2672 supinet.

766 2710 845 2776 ergo
867 2689 1060 2776 peregrinus
1085 2709 1159 2754 eum
1180 2687 1246 2754 iem
1271 2694 1417 2755 versatum
1439 2688 1549 2771 Iason,

764 2793 847 2860 torte
871 2793 984 2860 oeulos
1006 2813 1067 2879 per
1088 2799 1176 2858 teate
1196 2792 1299 2860 levat:
1323 2792 1413 2860 ridet
1435 2815 1513 2860 eeoe
1535 2796 1698 2863 volantem

678 2914 730 2972 200
764 2903 863 2985 atque
886 2897 1084 2963 salutantem
1107 2917 1253 2984 puerum.
1299 2896 1358 2962 sed
1380 2904 1481 2964 nauta
1503 2906 1656 2986 preoatur

763 3021 928 3068 murmure
952 3001 1107 3068 sollieito:
1130 2998 1273 3083 humen,
1296 3001 1382 3088 quod
1405 3002 1545 3069 mundus
1567 3004 1691 3088 adorat,

764 3107 792 3171 si
814 3106 952 3189 eaelum,
976 3105 1004 3170 si
1026 3112 1115 3171 terre
1137 3105 1183 3170 tui
1208 3111 1293 3188 sunt,
1317 3107 1411 3188 alme,
1434 3107 1587 3194 triumphi

763 3209 817 3276 vel
839 3208 995 3296 quidquid
1017 3213 1134 3274 natura
1156 3215 1255 3291 areat,
1279 3209 1307 3275 si
1330 3211 1498 3297 sanguinis
1521 3233 1641 3299 expers

763 3315 877 3380 mortis
900 3319 934 3378 et
955 3313 1117 3378 infaustae
1140 3333 1176 3379 es
1200 3319 1235 3378 et
1256 3320 1333 3380 sunt
1355 3321 1466 3382 tamen
1488 3315 1597 3381 hostia
1618 3317 1715 3383 flores

677 3433 728 3492 205
762 3417 875 3483 metris
899 3422 932 3482 et
956 3417 1099 3483 insertae
1122 3415 1268 3503 pendent
1289 3419 1492 3505 pertempta
1516 3439 1656 3486 eoronae

763 3521 921 3608 sanguine
944 3521 1081 3607 virginei
1104 3527 1230 3586 tantum
1253 3527 1406 3588 eontenta
1428 3523 1577 3610 pudoris:

764 3627 854 3713 eripe
877 3646 929 3691 me
952 3625 1012 3706 his,
1034 3625 1164 3706 inriete,
1188 3625 1293 3692 malie.
1337 3647 1399 3712 ego
1422 3627 1553 3693 victima
1575 3647 1697 3711 servor,

763 3735 861 3816 atque
884 3729 1008 3795 utinam
1032 3748 1152 3808 server,
1175 3729 1266 3794 ieoeo
1290 3729 1456 3796 feriendus
1478 3731 1512 3796 in
1536 3729 1624 3798 aris?

763 3832 866 3899 audiit
888 3833 1073 3919 ignipotens
1096 3830 1278 3919 (hominum
1300 3853 1377 3898 nam
1399 3855 1565 3900 murmura
1587 3833 1701 3920 sentit)

677 3952 730 4011 210
765 3943 798 4003 et
819 3936 929 4002 ridens
952 3935 1084 4022 gavisus
1106 3937 1170 4002 ait:
1192 3933 1310 4023 ‘pirata
1331 3935 1461 4021 decore,

764 4039 841 4127 quid
862 4040 993 4120 metuis,
1015 4059 1112 4126 quem
1133 4039 1203 4105 iata
1224 4046 1366 4124 manent,
1389 4061 1463 4106 oum
1485 4041 1553 4106 vita
1576 4047 1740 4129 superstes

764 4150 868 4210 restat
890 4143 1005 4226 adhue,
1028 4164 1124 4231 quem
1145 4165 1248 4230 regna
1269 4149 1393 4231 petunt,
1416 4145 1470 4211 oui
1494 4145 1591 4233 pellis
1612 4146 1763 4212 inaurata

764 4249 913 4314 imminet
935 4253 968 4312 et
990 4248 1108 4314 eoninx
1130 4247 1259 4314 dabitur
1281 4248 1399 4315 Medea
1422 4248 1597 4316 sacerdos?

765 4351 824 4419 sed
845 4372 969 4418 memor
991 4357 1062 4418 esto
1086 4351 1161 4437 mei,
1183 4373 1226 4420 ne
1250 4359 1282 4419 te
1304 4353 1435 4420 fortuna
1458 4353 1635 4439 superbum

474 4578 524 4633 179
545 4582 696 4635 trahebatur
716 4588 857 4635 senmurus
874 4580 908 4646 N,
927 4597 995 4634 terr.
1007 4577 1138 4634 Burteter
1225 4579 1276 4634 180
1293 4583 1424 4636 ministras
1441 4581 1474 4646 N,
1494 4599 1560 4634 corr.
1574 4581 1701 4634 Bitcheier
1718 4599 1750 4634 aa
1767 4581 1818 4636 961
1908 4581 1957 4634 189
1975 4583 2020 4636 sed

370 4665 505 4732 Btebaler,
522 4669 560 4720 sie
577 4667 611 4732 N,
628 4669 672 4721 hie
689 4667 811 4721 Βιιιιιιιι
897 4664 948 4720 189
966 4673 1035 4721 teota
1052 4668 1177 4735 pharetris
1195 4667 1323 4721 aanor
1395 4677 1455 4722 anta
1474 4667 1524 4722 185
1546 4669 1575 4720 in
1591 4667 1682 4720 eadm
1700 4667 1770 4720 lineo
1787 4669 1898 4734 scriptur
1915 4677 1951 4722 eat
1971 4668 2019 4720 187

370 4752 415 4805 red
431 4761 601 4820 apponam:
623 4771 642 4807 ιι
711 4755 819 4822 strepitu
842 4753 955 4806 Schenkl
1042 4751 1093 4804 189
1114 4753 1225 4806 confidit
1246 4736 1279 4807 80
1303 4762 1422 4821 perstans
1441 4753 1473 4821 N,
1497 4771 1564 4808 sorr.
1581 4753 1663 4806 Dona
1736 4755 1825 4806 mundi
1849 4754 1878 4818 (u
1901 4771 1933 4806 ea
1950 4755 1976 4822 ο)
1994 4755 2023 4806 Ν

407 4835 456 4890 199
469 4840 543 4892 notui
554 4841 667 4895 inuidere
673 4849 734 4909 pert
744 4842 901 4894 distribuens
947 4840 1067 4892 ouraibus
1079 4847 1162 4891 ιιιιιι
1220 4838 1272 4894 904
1284 4841 1589 4903 ἰηιιιιιιιιιιιὰΝιοιι.
1599 4839 1728 4906 auum,
1740 4841 1757 4892 i.
1768 4842 1790 4892 si
1798 4841 1924 4908 liesthorp
1976 4843 2021 4894 sed

370 4931 540 4979 sunttantum
550 4927 677 4981 Bachaias·
748 4925 801 4980 900
814 4933 933 4980 eontente
943 4926 1063 4979 aetram
1132 4923 1183 4978 907
1197 4943 1238 4978 me
1250 4945 1326 4979 arran
1377 4943 1438 4994 ergo
1451 4927 1583 4979 uictimae
1651 4925 1703 4978 908
1716 4943 1804 4980 server
1814 4927 1848 4990 N,
1863 4927 2020 4982 rorr.Dulm

404 5011 490 5076 iaesoi·
508 5013 534 5077 (o
546 5031 578 5066 aa·
594 5015 616 5080 t)
634 5031 653 5066 ιι
722 5011 771 5065 911
791 5029 849 5066 eum
863 5011 897 5078 Ν,
915 5014 957 5066 oui
969 5013 1098 5065 Baetae
1166 5011 1218 5064 919
1236 5013 1310 5081 peliis
1322 5023 1415 5066 aurata
1426 5013 1472 5064 Νιι
1489 5013 1528 5078 (in
1539 5013 1571 5064 N
1578 5013 1658 5082 surita
1673 5031 1724 5080 pro
1736 5021 1825 5066 amata
1837 5014 1920 5080 ueaipr'
1927 5023 2019 5080 potent,

370 5106 407 5151 ιιι
427 5107 513 5153 maana
533 5107 626 5153 aurata
649 5117 696 5153 uae
717 5100 802 5151 ultum
818 5115 928 5167 parrum
950 5107 986 5152 est
1006 5099 1141 5167 ratarum)
1166 5101 1195 5152 in
1216 5109 1324 5166 utroque
1346 5099 1497 5166 apaprupito
1518 5099 1620 5166 ιιριιιιιιι
1637 5114 1654 5142 ···
1674 5107 1733 5151 astte
1751 5117 1852 5153 uersum
1869 5100 1966 5167 piatum
1983 5109 2020 5154 art

405 5193 492 5238 amata
508 5185 598 5251 Derbe,
618 5193 703 5239 amato
725 5185 852 5253 Bosrbsrp
921 5186 1013 5252 empti
1035 5188 1169 5252 inaurata,
1193 5194 1220 5238 ιιι
1243 5188 1275 5238 sit
1295 5202 1382 5238 verrat
1403 5185 1562 5253 hypermnes-
1584 5183 1632 5254 (es.
1651 5185 1842 5253 hppemoetrum
1867 5185 1940 5254 Varq.
1953 5186 2019 5240 Aen.

370 5273 393 5336 a,
404 5274 454 5324 003
471 5280 531 5325 mute
548 5273 676 5340 imminet)
761 5269 813 5325 913
831 5271 946 5337 ωιίιιιζιιι
964 5272 998 5338 Ν,
1017 5273 1112 5326 ooniux
1129 5290 1149 5323 u

475 5476 525 5532 179
549 5475 621 5547 Vtrp.
635 5477 703 5532 Aru.
718 5482 804 5544 2403
825 5493 889 5534 eece
912 5476 1137 5533 trahebatur...
1157 5474 1312 5532 Cassandra
1408 5473 1458 5530 189
1481 5473 1554 5544 Vero.
1571 5476 1640 5530 Ara.
1660 5481 1748 5544 9,371
1771 5473 1884 5545 iamque
1909 5473 2021 5545 propin-

370 5577 497 5646 quabant
514 5579 634 5650 (taum)
722 5579 772 5636 187
793 5579 860 5636 Stat.
879 5579 959 5636 Theb.
975 5589 998 5650 ι,
1019 5588 1066 5640 tot
1086 5583 1152 5638 ante
1176 5597 1273 5656 praees
1298 5594 1396 5636 renem
1419 5576 1488 5634 deae
1575 5579 1626 5636 907
1644 5576 1683 5631 ιιι
1699 5583 1723 5646 3,
1736 5585 1784 5633 ιιι
1870 5578 1922 5634 909
1945 5576 2021 5646 Vero.

370 5681 438 5738 Aen.
451 5691 476 5752 4,
488 5689 539 5738 920
554 5682 647 5740 audiit
664 5681 841 5754 omnipotens

472 5791 635 5848 Βοιιιιοιιιι
651 5789 842 5855 trutanam
859 5789 921 5841 xlv
935 5787 957 5846 1.
1781 5783 1815 5840 at
