4568 6396
346 393 386 448 VI
1066 388 1283 445 PRAEFATIO.

345 571 413 633 tare
442 570 545 632 aulem
573 584 651 630 num
672 563 748 630 ordo
769 564 947 630 carminum
977 565 1014 628 iu
1043 565 1254 646 Neapolitana
1285 567 1429 628 saeuus
1458 561 1618 646 penninas
1646 561 1689 626 sit
1717 559 1772 626 hoe
1799 564 1845 625 est
1871 561 2004 626 mutere

341 668 591 753 fundamentum
613 667 695 733 artis
716 667 949 750 notitiaeque1).

449 775 478 838 et
499 773 611 854 optime
632 757 802 837 mndnunt
823 789 892 836 cum
913 770 964 836 his
985 792 1066 854 quae
1087 773 1202 838 scimus
1223 792 1260 836 ea
1282 791 1362 853 quae
1383 767 1514 836 aliunde
1540 768 1610 833 licet
1630 768 1776 834 conicere.
1829 785 1898 832 cum
1920 765 2004 830 enim

348 873 467 940 Orestis
494 873 654 959 traqoedia
675 873 718 939 sit
738 871 941 957 Dracontil),
964 877 1130 957 quaeritur
1157 873 1306 957 quomodo
1332 873 1417 939 edita
1437 873 1489 938 sil.
1537 891 1636 952 neque
1663 869 1793 935 dubium
1814 888 1878 935 esse
1895 872 2005 952 potest,

345 976 435 1042 moda
454 981 569 1058 spectes
590 981 718 1058 raptum
732 975 873 1042 Helenae
887 980 917 1040 et
931 975 1078 1042 Medeam
1092 977 1237 1042 carmina
1258 977 1295 1042 in
1315 977 1384 1057 ipso
1398 974 1620 1040 Romnlcomsm
1634 993 1760 1054 corpore
1774 972 1902 1052 tradita,
1925 971 2004 1054 quin

348 1085 378 1146 et
395 1078 515 1146 Orestis
530 1079 691 1163 traqomia
698 1097 782 1162 pars
804 1078 878 1144 atim
888 1077 993 1166 suerit
1006 1079 1104 1145 huius
1118 1077 1314 1146 collectionis,
1340 1073 1406 1145 ¹hoe
1426 1097 1466 1142 ue
1481 1077 1635 1144 audacius
1651 1077 1791 1162 positum
1806 1080 1901 1158 putes
1919 1074 2005 1161 facit

343 1181 533 1266 florileqmm
561 1181 744 1261 Veronense,
766 1183 802 1247 in
824 1201 885 1265 quo
906 1203 976 1248 cum
997 1183 1076 1246 r'nsit
1096 1202 1167 1248 curn
1188 1181 1278 1247 titula
1298 1181 1423 1246 Bloxus
1445 1182 1479 1245 in
1500 1179 1663 1246 Romulea
1680 1178 1898 1266 fraqmeutmn
1919 1180 2004 1263 (uide

345 1285 437 1372 infra
452 1307 489 1368 p.
505 1286 572 1352 228
588 1284 656 1370 frq.
673 1285 709 1369 1)
731 1285 814 1367 quad
834 1285 871 1350 in
892 1284 1103 1366 Neapolitano
1120 1283 1251 1370 frustra
1273 1305 1422 1367 quaeras,
1446 1304 1509 1368 pro
1530 1287 1611 1349 certo
1633 1282 1830 1349 concluditur
1850 1283 2005 1349 Romulea

219 1455 222 1463 ,
346 1388 423 1454 olim
440 1387 544 1473 fuisse
559 1387 708 1469 pleniora
730 1407 825 1471 quam
847 1407 904 1454 nos
925 1387 1082 1452 habemus.
1124 1386 1254 1454 necdum
1276 1391 1389 1452 metam
1411 1387 1582 1470 attiqimus.
1626 1386 1739 1452 etenim
1760 1406 1840 1468 quae
1866 1383 2004 1453 OORIO

347 1491 537 1575 (L’historia
558 1492 593 1556 di
614 1491 757 1570 Milano,
778 1491 815 1556 in
844 1490 977 1574 Vineqia
998 1491 1083 1555 1554
1102 1511 1135 1572 p.
1152 1493 1210 1576 13)
1237 1490 1337 1556 edidit
1358 1491 1517 1572 pmueaha
1543 1489 1596 1574 (de
1623 1491 1795 1568 munibus,
1821 1489 1859 1555 de
1885 1489 2005 1572 oripiree

347 1611 493 1658 rosarum
512 1615 544 1674 p.
559 1596 627 1660 227
632 1595 695 1679 sq.)
722 1599 751 1659 et
770 1595 875 1660 maius
901 1594 985 1660 illud
1008 1593 1090 1676 quod
1115 1613 1147 1660 se
1174 1595 1211 1658 iu
1236 1595 1369 1676 antiquo
1395 1593 1495 1659 codice
1517 1594 1631 1658 oidmse
1653 1596 1785 1658 testatur
1809 1593 1858 1658 ‘in
1880 1591 2004 1658 laudm

350 1695 648 1782 lhrusamuudi³),
675 1698 755 1781 quin
775 1695 934 1763 Draoouti
951 1695 1091 1783 fuerint,
1117 1697 1259 1762 dubitari
1283 1716 1349 1762 non
1375 1698 1445 1778 quil
1470 1697 1626 1780 quidquid
1652 1697 1707 1762 ille
1732 1696 1770 1761 de
1794 1693 2005 1761 Trasimuudo

346 1800 453 1865 mmite
482 1799 635 1885 &pisano
659 1802 845 1884 nuqatur⁴).
896 1800 1033 1883 quodsi
1060 1799 1256 1867 Dracontius
1281 1801 1408 1882 scripsit
1435 1800 1545 1866 laudm
1573 1799 1822 1877 thrasamundi,
1854 1799 1910 1882 qui
1933 1801 2006 1880 post

351 1901 637 1970 Gunthamundum
656 1903 731 1970 inde
752 1904 792 1969 ab
814 1925 846 1971 a.
861 1907 926 1968 496
940 1923 1038 1985 usque
1058 1903 1103 1968 ad
1115 1925 1146 1970 a.
1162 1905 1227 1969 523
1242 1905 1325 1968 inter
1345 1902 1507 1968 Vandalus
1520 1903 1672 1986 reqnaoit‚
1695 1903 1831 1985 lusitque
1846 1901 2006 1984 poematia

346 2025 428 2086 qesae
449 2010 525 2070 sunt
545 2007 760 2074 demonibus
781 2011 812 2071 et
833 2005 870 2071 de
884 2026 1030 2072 rosarum
1049 2007 1178 2089 oriqiue,
1200 2025 1305 2072 scanne
1325 2006 1400 2071 haec
1420 2011 1495 2071 sunt
1513 2007 1625 2088 qualia
1640 2005 1795 2072 oocilabat
1807 2003 2006 2070 ‘hmanas

347 2109 459 2174 hmum
486 2110 609 2192 corpori
629 2109 749 2174 indidit
775 2109 839 2176 deso
860 2110 1078 2191 epithalamia,
1105 2110 1210 2192 patuit
1239 2110 1337 2192 iqitur
1364 2113 1393 2173 et
1409 2109 1637 2192 paneqqrieum
1658 2109 1755 2191 repis,
1782 2110 1818 2172 in
1845 2127 1906 2190 quo
1926 2110 2007 2190 quin

350 2209 569 2278 Claudianum
590 2212 638 2278 uel
658 2213 882 2278 Merobaudem
905 2211 1011 2296 fuerit
1032 2213 1176 2278 imitatus
1197 2233 1286 2278 nuno
1306 2212 1475 2291 dubitabit,
1502 2217 1532 2277 et
1553 2212 1613 2278 illa
1634 2213 1760 2278 minora
1781 2213 1893 2294 qualia
1914 2211 2007 2277 multi

348 2318 422 2381 ante
448 2336 518 2381 eum
537 2315 647 2401 facere
667 2315 817 2382 Romani.
855 2313 992 2398 ‘potuit’,
1014 2317 1155 2399 iuquam,
1178 2335 1243 2381 non
1264 2315 1399 2394 ‘debuit',
1421 2335 1614 2398 quamquam
1639 2316 1697 2398 qui
1722 2334 1824 2381 mcum
1849 2313 2008 2396 reputabit

349 2439 445 2501 quam
467 2419 567 2503 facile
594 2424 681 2484 uetus
701 2418 925 2484 Romuleorum
946 2420 1107 2501 eeempar
1128 2419 1279 2484 Italicum
1306 2420 1436 2484 unicum
1457 2419 1553 2497 illud,
1582 2419 1620 2483 de
1641 2439 1702 2501 quo
1722 2423 1837 2484 murm
1859 2416 2007 2482 habeum

350 2523 507 2601 notitiam,
528 2523 565 2587 in
580 2526 728 2604 quattuor
743 2525 854 2603 partes
862 2523 1005 2604 potuerit
1018 2521 1119 2586 diuidi
1139 2523 1189 2588 ita
1208 2526 1245 2587 ut
1266 2523 1302 2606 1)
1317 2543 1384 2588 una
1404 2525 1481 2587 esset
1502 2521 1558 2587 ille
1579 2521 1673 2587 codes
1686 2519 1864 2599 Bullensis,
1886 2541 1926 2586 ee
1946 2539 2008 2601 quo

349 2625 524 2708 descriptus
544 2629 590 2691 est
603 2625 834 2707 Neapolitanus
853 2625 1032 2690 carminum
1046 2644 1126 2706 quae
1141 2623 1290 2690 dicuntur
1304 2626 1470 2704 minorum,
1493 2626 1530 2702 2)
1545 2625 1649 2690 altera
1665 2623 1756 2690 XIV
1775 2624 1870 2690 etiam
1885 2622 2007 2690 saccula

347 2747 416 2792 eum
429 2729 541 2810 pmma
555 2729 729 2807 coniuncta,
751 2747 791 2792 esc
812 2747 877 2810 qua
888 2728 1078 2812 florileqium
1100 2725 1280 2807 Veronense,
1302 2729 1338 2793 in
1360 2749 1421 2810 quo
1442 2747 1507 2794 non
1522 2728 1687 2794 adhibetur
1703 2726 1823 2794 Orestis
1837 2726 2000 2810 traqoedia

343 2831 561 2917 fraqmeutum
575 2849 667 2897 suum
682 2830 831 2910 hauserit,
853 2834 890 2917 3)
905 2831 1000 2897 tertia
1013 2831 1202 2915 archetypam
1219 2830 1338 2898 Orestis
1360 2831 1546 2916 traqoediae,
1568 2852 1650 2914 quac
1665 2835 1776 2913 postea
1798 2849 1918 2914 semper
1938 2829 2007 2895 sola

347 2933 504 3014 descripta
523 2938 553 2999 et
572 2938 716 3016 excerpta
737 2939 790 3016 est,
812 2937 850 3016 4)
863 2939 980 3019 quarta
1000 2935 1061 3000 illa
1075 2934 1171 3020 folia,
1193 2955 1274 3018 quae
1293 2933 1405 3002 Uarius
1419 2935 1532 3018 etam)
1549 2973 1589 2984 —
1605 2935 1680 3000 haec
1694 2935 1751 3018 qui
1764 2934 1922 3016 reputabit
1936 2952 2007 2998 con·

351 3037 434 3104 cedet
455 3037 567 3119 opinor
589 3037 797 3104 verisimilia
818 3057 883 3104 esse
904 3059 985 3120 quae
1006 3037 1228 3104 diuinauimus.

452 3140 535 3224 qnod
555 3141 585 3206 si
601 3139 669 3226 fuit
689 3140 773 3207 illud
797 3160 947 3224 nmquam
973 3161 1084 3224 eorpus
1106 3141 1329 3208 Romuleorum
1354 3141 1392 3208 de
1414 3162 1475 3225 quo
1495 3143 1627 3225 eqimus,
1656 3141 1868 3224 compluribus
1888 3140 2007 3206 editum

347 3248 393 3311 est
415 3245 516 3312 libris.
568 3249 597 3310 et
619 3265 810 3328 quamquam
838 3247 875 3310 in
896 3245 1109 3327 Neapolitano
1135 3246 1262 3312 nullum
1287 3245 1439 3312 dmmodi
1464 3245 1630 3311 dioiuonis
1657 3249 1703 3310 est
1731 3245 1906 3328 uestiqe‘um,
1933 3243 2007 3326 fieri

342 3348 485 3430 potuisse
500 3347 629 3414 merda
643 3351 680 3412 ut
693 3349 837 3414 munina
851 3348 915 3415 Ι-
925 3348 1043 3433 V(600
1056 3347 1122 3429 sere
1133 3349 1256 3422 sersus)
1270 3348 1364 3430 quasi
1379 3346 1459 3412 liber
1467 3347 1595 3427 primus
1606 3345 1830 3413 Runuleansm
1841 3345 2007 3412 ederentur

347 3455 422 3517 ante
439 3455 548 3536 poetae
570 3452 789 3532 captiuitatem.
841 3453 924 3518 nihil
950 3457 1055 3517 tarnem
1082 3451 1119 3517 ab
1140 3470 1285 3517 casuum
1306 3469 1470 3516 numerum
1497 3448 1598 3514 obstat
1618 3451 1785 3533 quominus
1811 3449 1884 3515 huic
1899 3449 2007 3532 pmmo

348 3553 429 3620 libro
450 3554 545 3618 etiam
567 3554 730 3635 impertias
752 3556 896 3620 earmina
925 3554 977 3619 VI
992 3559 1021 3620 et
1050 3555 1170 3642 VII⁸):
1199 3559 1274 3620 tune
1294 3554 1411 3619 editum
1426 3553 1559 3636 pertabis
1574 3558 1650 3636 post
1670 3555 1890 3635 captiuitatem.
1935 3573 2007 3639 erqo

454 3760 480 3830 1)
499 3760 550 3814 tali
567 3761 734 3815 coniecturae
751 3762 832 3816 etiam
849 3761 919 3816 obest
936 3759 967 3814 id
984 3760 1056 3830 quod
1073 3761 1104 3815 in
1120 3760 1249 3830 llamlepia
1266 3759 1411 3815 Veronensi
1428 3759 1478 3814 loci
1495 3760 1649 3830 alleqautur
1666 3772 1700 3812 aa
1717 3773 1799 3813 carm
1817 3757 1894 3814 Vffl
1907 3764 1932 3814 et
1949 3759 2006 3827 IX,

349 3848 415 3902 haec
436 3847 523 3918 iqitur
544 3847 600 3899 iam
622 3853 681 3901 tum
704 3853 783 3902 maret
807 3849 912 3902 iuncta.
1016 3850 1045 3912 2)
1064 3863 1146 3916 mam
1163 3846 1263 3914 Anqeli
1283 3846 1345 3900 Mai
1362 3847 1543 3902 coniecturam
1560 3843 1711 3916 (apperrdie
1729 3843 1768 3898 ad
1784 3860 1867 3914 opera
1885 3845 1958 3900 adda
1974 3845 2009 3901 ab

349 3935 384 3989 Δ.
400 3932 441 3988 Μ.
455 3931 556 3988 Ranae
573 3939 634 3988 1871
652 3942 706 4001 p.1
723 3939 778 3988 not.
791 3934 817 4003 1)
839 3949 927 3987 emam
948 3949 1002 3989 esse
1022 3938 1065 3988 sal
1081 3949 1213 4002 superque
1229 3933 1411 4002 probauerunt
1433 3933 1480 4002 qni
1497 3933 1529 3986 iu
1550 3931 1648 3987 Orestis
1663 3931 1847 4001 Draeantiqm
1865 3948 2008 3988 sormam

350 4025 488 4088 artemque
518 4023 643 4074 murale
671 4019 842 4088 inquisivere:
875 4019 910 4074 R.
928 4020 1064 4090 Peiper,
1092 4018 1242 4074 Dracontii
1274 4018 1374 4074 Orestes
1398 4018 1535 4087 traqoedia
1567 4017 1757 4073 Wratislauiae
1781 4025 1844 4074 1878
1864 4037 1894 4089 p.
1913 4027 2007 4088 tcsqq.

351 4105 380 4162 0.
400 4105 576 4173 Rossberq,
601 4103 635 4158 de
657 4105 808 4159 Drawntio
834 4109 859 4160 et
884 4104 985 4160 Orestis
1013 4121 1083 4174 quae
1108 4111 1220 4160 meatur
1243 4105 1396 4177 nomiae
1423 4110 1533 4159 auctore
1555 4105 1701 4160 wrmdem
1719 4109 1863 4173 poetarum
1895 4104 2008 4174 Verqilii

356 4191 447 4247 Ouidii
457 4190 570 4245 Lucani
583 4190 666 4246 Statii
685 4189 834 4246 Claudiani
844 4191 1030 4246 ienitatambus.
1066 4191 1130 4252 diss.
1145 4193 1264 4264 Gottinq.
1278 4192 1389 4247 Nordae
1407 4197 1474 4248 1880
1491 4191 1527 4246 B.
1546 4189 1721 4258 Westhcss,
1739 4190 1906 4259 maestiores
1917 4205 2007 4260 pram·
2132 4212 2133 4215 ¹

349 4277 461 4332 rnaticae
471 4275 509 4331 ad
518 4276 666 4332 Drawrnii
673 4275 797 4330 cannino
805 4277 912 4332 minora
922 4282 946 4332 et
957 4277 1057 4333 Orestis
1065 4278 1227 4346 lrapoediam
1238 4283 1396 4348 spectantes.
1420 4278 1585 4332 Mmsasterii
1597 4282 1674 4332 1888.
1699 4276 1728 4333 G.
1743 4276 1918 4348 Rossberq‚
1931 4277 2007 4331 Neue

353 4361 468 4418 Stultum
485 4379 521 4417 eu
538 4362 709 4418 Dracontius
725 4361 784 4416 und
801 4363 850 4418 der
872 4363 972 4418 Orestis
989 4364 1133 4434 traqoedia,
1155 4363 1282 4420 bledreis.
1294 4365 1390 4421 Jahrb.
1404 4370 1449 4420 188
1466 4365 1554 4432 (1889)
1566 4379 1596 4432 p.
1608 4369 1716 4432 833rqq.
1752 4363 1787 4418 B.
1801 4363 2006 4430 Barwinshi,

356 4449 529 4516 quaestiones
546 4448 583 4503 ad
599 4448 780 4504 Draauuum
798 4453 822 4503 et
842 4447 926 4505 Orest.
938 4457 1006 4520 traq.
1014 4451 1187 4520 pntiuentes.
1221 4452 1341 4520 quaestio
1359 4451 1390 4504 I:
1408 4450 1552 4520 deperiere
1569 4448 1685 4504 dicendi.
1720 4447 1784 4502 diss.
1801 4449 1921 4520 Gottinq.
1935 4455 2006 4505 1881.

353 4532 382 4590 0.
394 4533 573 4604 Bossberq,
595 4535 770 4590 Materialien
785 4551 819 4588 eu
836 4537 921 4590 einern
940 4536 1108 4591 Commemar
1124 4537 1189 4591 uber
1206 4535 1249 4591 die
1268 4537 1314 4592 Or.
1329 4543 1396 4606 traq.
1434 4534 1598 4591 Hildesheim
1615 4538 1717 4605 1888(9.
1754 4535 1787 4589 B.
1800 4534 2007 4602 Barmiuslri,

350 4621 517 4689 quaeuiones
529 4626 576 4676 ese.
607 4621 727 4690 promia
738 4621 779 4676 11.
810 4621 950 4677 deserum
967 4623 1142 4693 mptlumrum
1158 4625 1324 4679 numanam.
1339 4639 1431 4696 propr.
1445 4621 1679 4677 Deuade-Krane
1695 4627 1773 4677 1888.
1808 4622 1928 4690 quaestio
1945 4621 2006 4677 ΙΙΙ.

350 4705 384 4761 de
404 4707 558 4761 rationibus
571 4706 738 4776 prosodiaeis
754 4713 780 4762 et
796 4709 917 4764 metricis.
943 4725 1034 4779 propr.
1047 4709 1273 4765 Derstsclfflrone
1291 4717 1367 4766 1890.
1466 4709 1494 4780 3)
1511 4712 1546 4765 Α.
1560 4708 1648 4776 Riese,
1667 4707 1762 4764 Rbein
1776 4709 1852 4763 Mus.
1866 4713 1900 4763 89
1916 4708 2007 4776 (1899)

240 4791 241 4797 ’
350 4801 398 4848 319
415 4797 440 4848 et
457 4793 556 4848 rectius
572 4792 812 4861 IhBuehreus,
831 4794 1063 4851 Rhein.h1us.33
1081 4801 1168 4862 (1898)
1185 4802 1241 4852 813.
1278 4796 1352 4851 Poel.
1366 4795 1488 4851 latmia.
1508 4795 1748 4864 V(1883)p.127.
1790 4793 1926 4848 Dasemus
1942 4795 2008 4860 feeit

350 4879 443 4934 oderis
460 4877 751 4948 wouuapoqrapheu,
767 4879 851 4935 mdet
867 4879 1697 4950 haameiiuouquuruur,aohm1asau.consrerha
1713 4886 1779 4936 mec
1795 4879 1874 4934 haee:
1893 4878 2006 4934 'Ibansi-

351 4963 453 5020 mondo
471 4963 560 5022 Conte
579 4964 609 5020 di
626 4965 733 5036 (lupus,
751 4968 770 5021 8
787 4965 871 5022 laude
890 4966 935 5022 del
952 4967 1036 5036 quale
1053 4966 1205 5023 Dracontio
1223 4970 1309 5038 poste
1326 4967 1552 5039 eleguntsmsnte
1570 4967 1669 5023 scrisse
1686 4971 1716 5024 st
1733 4967 1840 5038 l'opsru
1857 4967 1903 5023 del
1921 4965 2007 5035 quale

349 5052 397 5108 nai
416 5052 446 5108 in
464 5053 598 5110 caratteri
616 5053 795 5124 Langobardi
812 5053 942 5110 hsuendo
961 5057 1085 5119 aonam,
1104 5071 1157 5124 par
1174 5053 1284 5110 Giouun
1302 5053 1452 5110 Oristofaro
1470 5051 1605 5118 Deseris,
1627 5053 1657 5108 la
1680 5053 1725 5108 cui
1743 5052 1873 5124 fumiglia
1889 5051 1940 5124 gib.
1956 5067 2008 5123 per

353 5137 487 5196 baderico
506 5138 596 5209 primo
613 5142 632 5194 8
648 5139 756 5195 Miluus
774 5140 805 5194 fu
818 5142 918 5196 ornata
936 5139 1011 5196 dolls
1029 5138 1228 5204 cittudinunzu,
1253 5141 1269 5195 8
1293 5142 1370 5194 stata
1387 5139 1514 5195 nudatis
1536 5139 1566 5193 in
1591 5139 1691 5196 letters
1713 5137 1810 5196 latins.
1852 5138 1932 5195 Onde
1956 5155 2008 5209 per

352 5224 465 5298 dignius
483 5225 683 5297 dell'slsgsnte
704 5229 798 5297 posta,
816 5227 843 5281 n'
856 5229 871 5281 8
889 5242 972 5297 paruo
990 5229 1093 5282 mehler
1110 5225 1203 5296 questi
1221 5225 1282 5282 suoi
1298 5225 1386 5291 usrsi;
1404 5230 1532 5296 mutar
1547 5225 1739 5280 ihaoarmiua.
1843 5225 1871 5293 4)
1881 5223 2008 5294 prauissi·

351 5327 424 5366 mum
440 5311 626 5368 docummhrm
643 5317 680 5367 est
696 5311 770 5381 quad
786 5313 914 5367 caminis
933 5311 1048 5366 Ooriani
1063 5313 1177 5366 alterius
1194 5311 1229 5367 de
1246 5312 1316 5369 rosis
1334 5329 1357 5367 o.
1371 5319 1388 5367 8
1405 5311 1444 5366 ad
1460 5311 1573 5380 uerbum,
1590 5317 1622 5366 ut
1637 5312 1701 5366 solet
1717 5310 1894 5380 mimum,
1912 5310 2008 5378 repetit

354 5413 459 5453 uersum
475 5397 669 5465 malediceris
687 5405 743 5456 162.
762 5417 784 5454 u.
797 5398 835 5452 ad
853 5399 870 5454 l.
980 5399 1008 5465 5)
1029 5397 1230 5453 lbrasamundi
1250 5404 1342 5453 amera
1367 5397 1464 5453 laudes
1484 5413 1602 5453 seormun
1627 5413 1682 5454 esse
1704 5397 1788 5452 oddae
1807 5397 1855 5452 mic
1872 5395 2008 5466 probabile

349 5482 469 5552 uidam,
498 5499 559 5538 crem
581 5485 612 5537 iu
635 5484 723 5540 codice
743 5485 859 5540 Uariana
875 5484 999 5538 carmina
1020 5489 1076 5537 tam
1093 5483 1239 5540 hadenua
1255 5485 1362 5551 fuemmt
1382 5485 1522 5540 adamata.
1627 5485 1654 5554 6)
1677 5499 1758 5540 eamn.
1781 5483 1826 5538 VI
1844 5499 2008 5552 quamquam

346 5569 484 5639 posterius
502 5574 540 5624 est
556 5575 678 5639 tempore,
691 5571 813 5640 mum
828 5575 866 5625 est
882 5574 946 5624 arde
970 5568 1034 5623 VII
1047 5585 1080 5623 ea
1100 5567 1132 5623 de
1148 5584 1231 5624 causa
1252 5575 1284 5624 ut
1306 5569 1485 5626 haumarelm
1507 5569 1603 5626 domus
1630 5571 1742 5626 Victoris
1764 5571 1822 5625 miss
1845 5571 1893 5640 qui
1910 5577 2008 5640 poetae

348 5656 496 5710 lbertatem
513 5656 704 5726 emanciliaeit5
717 5656 810 5726 potuit
827 5655 911 5725 iqitur
927 5654 988 5709 bne
1001 5653 1121 5722 paeane
1138 5655 1235 5710 lsbmun
1252 5657 1372 5714 altason
