4568 6396
524 393 559 450 11.
589 391 846 450 bassecourt
865 393 1092 450 OARMINIBVS
1111 392 1304 450 GODIGIBVS
1322 394 1565 451 EDITIONIBVS.
1743 397 1878 454 XXXVII

316 570 415 632 restat
429 570 464 631 ut
478 567 516 633 de
531 567 709 652 troooedioe
723 568 913 634 editionibus
927 567 1060 648 affaom
1076 589 1156 651 quae
1170 573 1246 634 suut
1256 571 1443 636 necessaria.
1467 573 1682 638 casus1-2.
1707 573 1879 638 752-770
1915 625 1917 628 .

211 693 251 740 aa
269 672 305 738 Β
321 672 502 757 protulerat
522 672 556 740 J.
572 671 616 738 B.
632 671 772 738 Sinuer
792 673 902 755 (catal.
918 673 983 739 cod.
1000 674 1054 738 lat.
1072 673 1145 739 bibl.
1162 673 1262 738 Beru.
1287 675 1373 737 1760
1389 693 1424 755 p.
1442 674 1508 738 507
1529 677 1619 756 sqq),
1642 695 1751 741 uersus
1771 678 1879 740 1-53

211 797 251 844 ea
270 777 304 843 A
325 775 467 842 ediderdt
488 776 531 844 A
554 775 642 842 Mai
663 777 780 859 (spicil.
805 775 896 844 Rom.
912 776 937 841 Ι
948 797 985 858 p.
1000 776 1093 844 XXI
1096 776 1127 840 V
1136 778 1227 859 sqq),
1240 779 1348 858 prim
1359 777 1457 858 plena
1472 777 1566 842 editio
1580 798 1620 843 ea
1636 779 1783 846 ambobus
1798 779 1880 846 codi-

212 881 298 948 cibus
319 881 463 946 arione
485 885 531 946 est
556 880 591 948 0.
607 881 655 949 W.
672 881 778 947 Muel
785 880 875 961 leri,
897 902 961 964 qua
983 904 1013 948 a.
1030 882 1117 945 1858
1137 881 1341 945 universitati
1362 881 1492 946 Ieueusi
1513 882 1679 948 sollemnia
1699 885 1880 950 saecularia

213 984 307 1050 lerna
339 984 526 1051 alebrando
556 986 739 1068 gratulatus
766 986 851 1068 cet.¹)
901 1005 1030 1067 cumque
1055 985 1195 1050 Mueller
1225 983 1332 1071 officio
1365 1005 1421 1050 suo
1452 1005 1519 1050 non
1551 986 1708 1068 ingeniose
1745 987 1879 1069 quiden,

212 1094 247 1155 ot
268 1093 356 1156 caule
374 1088 511 1174 fundus
533 1093 619 1168 esset,
641 1109 714 1155 moa
734 1091 838 1155 eutitit
860 1091 916 1171 qui
938 1109 1064 1154 carmen
1080 1087 1202 1154 summ
1217 1109 1287 1152 oum
1302 1089 1428 1154 licentia
1438 1089 1657 1169 pessumdaret
1678 1092 1706 1157 Ι.
1722 1090 1765 1156 M
1768 1094 1880 1176 aeliu

213 1193 379 1278 (anonymi
402 1191 528 1258 Orestis
550 1193 723 1279 tragoedia
745 1194 1003 1258 emendatiorem
1026 1193 1130 1258 edidit
1155 1193 1181 1258 Ι.
1198 1193 1242 1258 Μ.
1258 1193 1390 1279 Lipsiae
1417 1194 1523 1276 1866).
1578 1194 1675 1259 multo
1701 1197 1810 1262 melior
1835 1203 1882 1264 est

212 1297 352 1363 libellus:
375 1295 502 1362 Orestis
524 1297 705 1383 tragoedia,
729 1318 861 1363 carmen
884 1299 1012 1383 epicum
1035 1297 1166 1362 saeculo
1189 1303 1264 1382 post
1287 1295 1450 1362 Christum
1471 1303 1584 1362 natum
1607 1304 1701 1364 sexto
1716 1303 1878 1386 composi-

213 1405 282 1466 tum
306 1399 510 1466 emendatius
533 1401 637 1467 edidit
660 1400 795 1467 carolus
819 1401 991 1466 Schenkl
1014 1401 1157 1488 (Pragae
1184 1402 1280 1484 1867)
1302 1401 1416 1483 quippe
1437 1403 1472 1464 in
1502 1421 1563 1482 quo
1591 1406 1620 1465 et
1640 1402 1735 1467 corbo
1756 1405 1881 1470 cautius

214 1504 443 1587 etdiliyeutius
462 1504 548 1570 edito
571 1510 600 1570 et
621 1505 658 1570 de
681 1505 836 1571 codicibus
858 1525 914 1570 uec
935 1525 1000 1569 nou
1021 1505 1059 1570 cle
1081 1525 1219 1570 serooone
1241 1509 1310 1569 arte
1332 1509 1465 1586 tenpore
1484 1509 1592 1586 poetae
1611 1507 1712 1570 multa
1726 1507 1793 1570 sint
1807 1507 1881 1574 bene

214 1607 386 1690 dimulola
435 1628 492 1674 uec
520 1609 867 1688 nauseatores,
897 1609 934 1674 id
960 1609 1042 1691 qaod
1068 1610 1205 1674 nomme
1232 1614 1302 1674 erat
1332 1629 1465 1688 neusse,
1489 1611 1584 1692 x*ipsos
1612 1608 1714 1674 deum
1743 1611 1883 1692 inspeoit

214 1713 347 1794 codices;
367 1713 466 1779 multo
486 1713 600 1778 melius
621 1713 659 1777 de
680 1712 716 1778 B
740 1713 841 1778 codice
863 1712 993 1796 Haoeui
1018 1712 1123 1778 studio
1149 1716 1178 1776 et
1205 1711 1308 1794 officio
1335 1713 1457 1778 edoctus
1485 1717 1554 1778 erat
1582 1711 1623 1778 R.
1650 1711 1785 1794 Pciper
1811 1735 1881 1780 cum

214 1818 365 1884 mitteret
379 1817 510 1884 librum:
532 1816 702 1883 Dracontii
718 1815 852 1882 Orestes
867 1816 1040 1903 tragoedia
1054 1818 1218 1882 recensuit
1237 1815 1277 1882 R.
1294 1814 1332 1882 P.
1356 1815 1589 1903 (Vratislaviae
1608 1818 1715 1900 1875).
1750 1817 1880 1883 iuterim

212 1921 333 2004 pcublici
354 1922 438 1987 iuris
455 1920 549 2006 sacta
571 1927 640 1988 erat
661 1922 824 2007 appendia
845 1922 889 1987 ad
910 1942 1005 2004 opera
1026 1920 1111 1986 edito
1132 1921 1173 1986 ab
1194 1921 1317 2002 Anoelo
1338 1919 1447 1986 Maio
1469 1920 1605 2004 (Romae
1627 1921 1737 2004 1871),
1761 1921 1798 1985 iu
1819 1941 1881 2004 quo

216 2045 305 2111 opere
324 2029 467 2107 menno
488 2047 525 2111 p.
546 2031 567 2090 1
588 2045 655 2108 sqq.
683 2025 844 2110 baooedio
870 2025 915 2090 ad
940 2027 1040 2092 solum
1066 2025 1197 2090 codiam
1222 2025 1255 2090 A
1280 2029 1350 2089 erat
1376 2025 1531 2089 recensita
1558 2028 1652 2106 atque
1679 2024 1715 2089 id
1736 2025 1879 2105 possim.

216 2131 349 2212 &nique
383 2131 498 2196 ilerum
530 2131 653 2196 conlato
685 2131 786 2196 codice
820 2131 853 2196 A
885 2131 988 2196 emat
1009 2149 1135 2196 carmen
1157 2129 1246 2195 Aen.
1262 2127 1462 2194 Baehrens
1493 2130 1530 2193 iu
1560 2130 1639 2210 poet.
1666 2127 1721 2193 lot.
1748 2128 1825 2192 min.
1853 2127 1886 2193 V

213 2255 246 2317 p.
260 2233 326 2299 218
340 2253 417 2316 sqq„
440 2235 531 2300 acius
551 2254 664 2300 nornen
685 2235 751 2300 iam
773 2238 819 2299 est
839 2234 995 2300 senentio
1016 2233 1054 2298 do
1074 2233 1209 2298 editione
1230 2232 1371 2298 dando.
1415 2232 1545 2298 tonate
1572 2251 1671 2298 causa
1695 2231 1747 2296 lu'a
1772 2231 1880 2296 editio

215 2339 311 2406 nebus
336 2339 476 2422 adiungo
503 2339 622 2406 libellos
650 2339 850 2406 udlissimm:
879 2338 1084 2404 Materialien
1114 2339 1283 2404 naeinam
1311 2336 1520 2403 Commentar
1550 2336 1634 2401 iiber
1667 2335 1720 2400 die
1754 2334 1880 2400 Orestis

217 2443 389 2530 tragoedia
427 2443 485 2510 des
522 2442 719 2510 Dracontius
760 2495 767 2508 .
800 2493 807 2509 .
840 2493 846 2508 .
882 2462 945 2506 von
981 2441 1116 2506 Xonrad
1138 2441 1352 2527 Rossberg
1389 2441 1645 2527 (programmata
1673 2437 1880 2504 Hildesheim

221 2548 447 2632 1888.1889).

323 2757 351 2826 1)
367 2757 447 2827 quale
464 2757 599 2826 mim
615 2772 661 2827 eoo
677 2772 735 2810 uon
751 2755 823 2818 cidi,-
845 2753 985 2810 editionem
1009 2755 1119 2808 aeon
1145 2755 1244 2823 (progr.
1261 2752 1358 2823 Genua.
1377 2750 1616 2807 Rudolatadicusie
1633 2754 1712 2820 1869)
1735 2749 1786 2804 diu
1802 2763 1880 2818 auae-

217 2843 300 2899 citom
317 2843 426 2898 laudan
443 2842 560 2898 uacua
577 2843 742 2913 bybliotheca
759 2843 834 2912 reyio
850 2840 1043 2896 Berolinensic.
