4568 6396
412 372 500 428 XLVI
1132 367 1348 424 PRAEFATIO.

411 546 490 631 eleqi
511 546 541 610 si
562 566 643 627 qnae
665 544 709 610 ad
730 542 972 610 inlustrandum
988 561 1192 626 proqrcssum
1215 541 1468 626 interpolationis
1489 545 1581 607 mant
1602 543 1687 608 usui.
1722 542 1798 608 solis
1820 541 1856 606 in
1878 544 2074 610 carminibus

411 650 431 713 5
454 653 483 714 et
505 650 548 713 97
570 647 713 714 lectiones
734 652 764 713 et
785 645 1012 712 Bruxeliensis
1033 650 1062 710 et
1084 645 1261 711 Harleioni
1282 645 1522 726 Lipsiensisque
1544 649 1636 710 erant
1656 645 1839 724 referendae
1861 647 1977 730 quippe
1991 669 2074 730 quae

411 773 481 817 mon
502 751 567 818 FP
585 752 628 816 ad
648 749 778 817 minden
802 748 985 815 traditionis
1005 748 1144 832 qradum
1164 749 1311 814 redeant.
1533 741 1535 744 ’

514 877 554 922 eoo
586 857 723 939 siuqulis
757 853 953 920 carminibus
982 852 1115 937 diqnum
1146 853 1272 935 dequo
1299 853 1471 935 separatim
1495 856 1613 937 aqalca
1638 858 1683 918 est
1703 855 1856 935 primum.
1907 855 1963 920 boc
1989 856 2073 922 eninr

410 960 545 1025 maaince
567 959 751 1024 adamatum
772 959 873 1037 fuisso
894 958 1111 1024 demonstrant
1132 957 1248 1023 codices
1266 958 1419 1039 permulti
1440 957 1505 1022 iam
1534 955 1643 1023 ῑῙΙΙΙο
1664 962 1694 1023 ot
1714 958 1773 1025 IX
1778 969 1790 998 ⁰
1812 959 1936 1024 succido
1954 961 2074 1041 scripti,

410 1081 488 1144 quos
509 1062 603 1148 infra
624 1066 800 1128 contentum
822 1061 1066 1126 nominavimus.
1115 1061 1212 1126 simod
1239 1063 1342 1126 lamen
1362 1062 1496 1144 qna-nius
1519 1061 1646 1142 aliquid
1666 1062 1845 1127 inlustrant
1865 1061 1901 1126 ta'
1922 1066 2073 1141 auctores,

410 1167 465 1230 boo
479 1166 602 1244 scilicet,
625 1186 722 1248 quam
736 1165 840 1230 securi
855 1169 931 1230 tuuc
945 1166 1093 1248 temporis
1108 1165 1232 1243 suerint
1252 1184 1322 1229 curn
1342 1165 1481 1230 nominis
1502 1169 1531 1229 ot
1551 1165 1672 1248 qlorioe
1694 1169 1762 1230 tum
1783 1166 1947 1232 commu
1964 1170 2074 1248 poene

410 1269 578 1334 christiani
586 1269 623 1354 ¹).
672 1269 777 1333 eadem
804 1266 877 1354 fero
909 1289 973 1350 qua
1001 1269 1169 1334 bornuni
1196 1268 1350 1348 florebant
1373 1267 1481 1352 qratia
1507 1268 1652 1333 carmina
1677 1268 1715 1335 de
1735 1269 1908 1351 philomela
1933 1271 2073 1350 31-33,

410 1393 492 1452 quae
514 1371 642 1456 Bicqeni
663 1375 744 1455 quin
765 1375 839 1450 sint,
863 1373 977 1440 abbinc
998 1393 1088 1439 nerno
1111 1374 1222 1455 opinor
1241 1373 1398 1439 dubitabit
1419 1374 1477 1455 qui
1498 1376 1527 1438 et
1548 1373 1677 1438 Iuliani
1703 1374 1915 1439 testimonium
1941 1373 2000 1457 (ad
2020 1377 2073 1452 33,

410 1478 467 1551 13)
489 1481 518 1540 et
532 1477 650 1542 Albani
670 1477 784 1542 viderit
801 1478 1004 1542 imitationes.
1050 1478 1129 1542 ielem
1145 1477 1288 1542 Albarus
1303 1475 1449 1560 Buqenio
1470 1477 1610 1542 uindicat
1625 1497 1750 1542 carmen
1764 1481 1807 1540 41
1830 1477 1895 1542 solo
1916 1475 2029 1542 codicis
2043 1476 2074 1541 L

409 1580 582 1645 testimonio
604 1581 775 1646 collectioni
797 1581 963 1648 redditum.

507 1689 712 1767 postremum,
743 1689 912 1768 antequam
939 1704 1153 1770 proponamus
1174 1689 1303 1750 stemma
1325 1684 1463 1750 cadmum
1485 1683 1748 1768 Bnqenianorum
1766 1685 1909 1769 plenum
1937 1686 2074 1766 referen-

409 1785 484 1850 dum
506 1788 567 1852 orit
596 1788 633 1853 de
660 1789 825 1871 aliquibus
854 1789 1010 1855 codicibus
1038 1789 1284 1871 antiquioribus.
1335 1789 1448 1852 elenim
1478 1787 1516 1852 de
1547 1789 1676 1853 uetustis
1702 1787 1860 1854 Draconli
1887 1793 1917 1855 el
1945 1789 2074 1873 Bapeni

408 1889 501 1955 libris
523 1891 683 1974 Hispanis
704 1892 762 1957 bae
784 1893 828 1960 ad
850 1912 906 1958 nos
924 1896 1137 1974 peroeumnnt
1158 1893 1305 1957 notitiae:

506 1993 576 2080 fnit
594 1994 681 2061 Oceli
704 2019 734 2061 a.
747 1997 848 2084 882²)
870 1997 922 2062 Lb
943 1995 997 2064 Ex
1011 1996 1147 2062 diversis
1163 1995 1325 2082 opusculis
1340 1995 1429 2061 besti
1447 1998 1576 2082 eugenii
1584 1997 1610 2078 3)
1634 1997 1705 2060 ilem
1730 1995 1888 2061 dracontii
1902 1995 1945 2061 ln.
1979 2017 2074 2078 prae-

408 2103 492 2162 terea
525 2099 632 2166 Ciuile
659 2100 820 2182 episcopus
849 2100 1054 2184 Leqionensis
1083 2121 1114 2166 a.
1136 2101 1201 2165 927
1228 2099 1358 2164 duravit
1385 2101 1573 2166 monasterio
1598 2099 1658 2167 SS.
1693 2099 1821 2166 Oosmac
1853 2105 1883 2165 ot
1914 2098 2073 2166 Damiani

403 2222 503 2284 prope
525 2201 692 2285 Leqionem
715 2205 775 2268 sito
797 2205 1012 2270 conledionom
1035 2203 1188 2269 librorum
1196 2204 1235 2286 ⁴),
1258 2205 1342 2268 inter
1370 2223 1448 2285 quos
1475 2207 1568 2268 mant
1593 2203 1678 2270 liber
1706 2203 1814 2270 alcimi
1840 2210 1875 2270 et
1902 2204 2073 2270 dracontili

407 2306 604 2390 Rhenanus,
628 2307 739 2372 deinde
762 2309 893 2394 eugenii
923 2314 956 2374 et
977 2309 1079 2374 marci
1102 2309 1226 2374 catonis
1253 2307 1337 2374 liher
1363 2328 1454 2392 unus,
1484 2307 1595 2372 deinde
1619 2308 1763 2375 diversos
1792 2305 1921 2374 libellos
1951 2307 2073 2373 domini

408 2412 539 2496 eugenii
560 2411 644 2477 liber
665 2434 756 2478 unus.

510 2515 606 2593 facile
627 2519 672 2581 est
693 2515 730 2582 de
752 2516 803 2581 leis
824 2515 980 2581 codicibus
1001 2519 1031 2579 cl
1051 2514 1089 2580 de
1116 2515 1208 2580 libris
1238 2515 1353 2583 LAM
1376 2516 1572 2581 coniecturas
1599 2517 1717 2594 sumre,
1746 2515 1831 2581 celiel
1857 2535 1935 2582 sane
1960 2518 2073 2600 spiam

407 2617 534 2700 aliquid
561 2618 652 2683 babet
681 2619 861 2684 concludere
883 2619 928 2682 M
931 2629 946 2658 ⁰
968 2622 998 2683 et
1018 2618 1076 2683 Μὁ
1102 2637 1166 2684 esse
1194 2619 1242 2684 cel
1269 2618 1373 2684 redire
1399 2618 1443 2684 ad
1472 2619 1589 2684 coelica
1625 2619 1807 2700 costuma
1835 2624 1871 2684 at
1899 2625 1978 2686 recte
2006 2621 2072 2686 ram

408 2719 446 2786 P.
462 2720 614 2803 Enald⁵)
636 2722 759 2786 monuit
779 2742 876 2802 quam
897 2721 940 2786 sit
962 2721 1120 2786 lubricum
1141 2721 1313 2786 conradum
1336 2722 1440 2786 breves
1461 2726 1598 2786 edorum
1625 2721 1837 2804 mtaloqorum
1864 2721 2072 2788 iudicabimus

407 2824 582 2906 quidquam
603 2825 709 2890 docere
730 2825 816 2890 celle.
862 2843 961 2906 neque
982 2825 1070 2890 uideo
1091 2824 1171 2906 qnid
1191 2825 1309 2890 talibus
1330 2826 1518 2900 emicaturis
1534 2824 1759 2910 proficiam&
1781 2829 1833 2890 sat
1853 2831 1899 2890 est
1920 2827 1999 2890 scire
2020 2825 2072 2890 bis

406 2929 543 2994 montis
563 2927 706 3015 adfuisse
730 2929 765 2992 in
787 2928 989 2993 monasteriis
1010 2929 1078 2993 sine
1100 2928 1196 2994 dubio
1217 2949 1314 3012 quam
1336 2929 1472 2994 manime
1487 2928 1700 2994 iunctistcles
1715 2929 1831 2994 codices
1845 2927 1953 3010 quales
1967 2928 2072 2994 adbuc

407 3035 516 3097 cctam
538 3031 706 3097 laetamur.

511 3135 566 3201 boo
587 3139 701 3213 autem
723 3137 760 3200 ut
779 3137 876 3216 finem
897 3135 1057 3214 sociamus
1079 3135 1268 3217 disputandi
1288 3136 1326 3201 de
1341 3135 1469 3218 Bzrqoni
1491 3135 1655 3214 codicibus,
1677 3141 1807 3201 stemma
1822 3137 1858 3200 in
1874 3136 2070 3202 recensendis

406 3239 602 3306 carminibus
622 3243 738 3304 rectam
761 3239 904 3304 tationes
925 3239 1009 3304 inter
1030 3258 1064 3304 se
1081 3240 1268 3321 pensitandi
1289 3239 1406 3306 docebit
1427 3241 1599 3306 rationem:

1224 3433 1275 3494 usi·

1178 3535 1203 3560 fi

1167 3563 1174 3570 f
1186 3560 1190 3568 .

821 3558 1215 3850 ssi

802 3874 825 3926 n
911 3875 947 3927 n
1038 3878 1062 3928 a
1115 3878 1199 3931 urae.
1234 3877 1268 3930 Π
1370 3877 1399 3928 n
1466 3907 1487 3926 ..

1155 3948 1343 4119 erariis..
1414 3949 1538 4100 ΡΛΥ

1449 4120 1636 4368 Α

1398 4290 1512 4448 st.
1628 4395 1653 4444 Τ

508 4587 607 4649 restat
628 4586 665 4648 ut
681 4603 790 4664 pauca
812 4582 967 4664 quaedam
988 4583 1104 4649 addarn
1125 4583 1162 4649 de
1185 4585 1227 4650 iis
1247 4587 1442 4652 cornicinibus
1457 4605 1538 4667 quae
1553 4585 1630 4666 quia
1646 4585 1681 4648 in
1697 4583 1852 4648 codicibus
1867 4583 2069 4666 Euqenianis

407 4689 455 4752 cel
478 4688 634 4768 affinibus
656 4687 830 4753 traduntur
852 4688 888 4751 in
910 4687 1111 4769 appendicem
1136 4691 1246 4772 recepi.

218 4773 329 4828 OARM.
511 4812 584 4876 app.
601 4811 697 4857 carm.
712 4790 870 4857 I—XIX
891 4795 1000 4856 camni
1020 4792 1056 4854 in
1069 4791 1113 4855 M
1131 4793 1187 4871 sol.
1205 4793 1246 4856 69
1261 4794 1372 4878 sqq.⁰).
1417 4813 1481 4858 non
1503 4811 1567 4857 esse
1586 4792 1721 4873 Euqeni,
1744 4791 1796 4855 cui
1817 4809 1857 4855 ne
1878 4789 1972 4855 oodou
1994 4791 2067 4871 qui-

172 4859 374 4913 neruum
406 4894 474 4960 nem
496 4894 914 4975 insubstantiatum
930 4895 1120 4979 proscenia
1142 4895 1183 4960 aa
1205 4897 1296 4961 ntem
1317 4900 1386 4961 aru
1407 4895 1560 4981 arcemn).
1606 4895 1642 4959 eo
1662 4897 1769 4960 auom
1789 4894 1895 4974 ipsum
1921 4893 2005 4975 quoa
2032 4894 2069 4956 n

407 4997 454 5062 M
471 4998 620 5081 loquutur
642 4998 722 5062 milei
742 4997 863 5081 sufficit
884 5001 921 5062 ut
942 4997 1065 5062 credam
1087 5017 1196 5063 versia
1218 5017 1282 5064 esse
1303 4999 1394 5065 datos
1416 4999 1460 5064 ad
1481 5019 1581 5081 reqem
1607 4997 1746 5079 aliquem
1775 4995 2006 5080 Visiqotborum
2032 4999 2069 5062 in

407 5101 582 5185 Hispania,
611 5103 746 5180 sortasse
772 5102 816 5166 ad
843 5102 938 5168 illum
965 5101 1176 5186 wambane).
1230 5124 1331 5186 neque
1357 5104 1440 5168 enim
1474 5103 1514 5166 ob
1544 5102 1611 5183 ipso
1641 5103 1778 5168 Alcvino
1805 5102 1965 5184 compositi
1992 5106 2070 5166 sunt

511 5308 538 5376 1)
556 5306 614 5363 dte
627 5307 774 5377 precamur
791 5305 828 5360 ad
845 5313 894 5373 1‚2
905 5304 1048 5362 admtato.
1136 5306 1163 5376 2)
1180 5323 1202 5362 n.
1215 5304 1417 5361 Hentel-Lomoe
1433 5305 1493 5360 bibl
1502 5311 1578 5375 potr.
1589 5306 1634 5361 lat.
1647 5305 1728 5374 Hiep.
1741 5304 1762 5359 I
1770 5321 1800 5373 p.
1813 5309 1858 5360 138
1876 5305 1950 5372 Beer,
1968 5303 2068 5359 Bond-

406 5393 636 5461 sdsmlleucobdlso
661 5394 797 5464 spanum
819 5411 849 5462 p.
866 5399 922 5448 378.
1026 5393 1054 5463 3)
1072 5393 1241 5463 adsmcptum
1257 5398 1296 5448 est
1311 5393 1343 5446 in
1360 5393 1481 5463 cataloqo
1498 5393 1574 5463 apud
1597 5393 1752 5449 Iohannem
1769 5393 1918 5461 unslemnt)
1937 5389 2067 5460 h(nb)eri.

405 5482 433 5550 4)
449 5498 472 5535 c.
485 5481 511 5536 I.
524 5481 559 5537 B.
573 5481 793 5548 Dior-limina,
810 5481 917 5536 Boletin
934 5479 966 5534 de
983 5481 1011 5534 la
1029 5480 1100 5536 Ileal
1116 5479 1264 5535 Acadama
1282 5479 1314 5534 de
1335 5481 1364 5534 la
1382 5480 1510 5536 Hietmio
1528 5479 1591 5534 XX
1613 5486 1677 5535 1892
1694 5497 1724 5548 p.
1737 5485 1799 5548 129,
1823 5480 1891 5534 Beer
1912 5478 1930 5533 l.
1943 5478 1960 5534 l.
1968 5495 1998 5547 p.
2011 5486 2067 5533 tes.

405 5569 433 5634 5)
446 5567 484 5622 N.
497 5569 532 5624 A.
547 5567 594 5624 VI
606 5575 834 5638 1881p.581sqq.
904 5567 932 5636 6)
944 5583 966 5622 a.
980 5566 1192 5635 Bactri-Lance,
1210 5567 1267 5622 bibl.
1276 5573 1350 5636 patr.
1364 5566 1429 5624 Lat.
1443 5567 1524 5638 Hisp.
1537 5567 1560 5620 I
1563 5585 1592 5636 p.
1606 5574 1663 5624 287.
1734 5569 1760 5636 7)
1774 5565 1909 5636 composui
1926 5565 1959 5618 in
1975 5563 2066 5620 iudice

401 5673 432 5725 p.
446 5662 502 5712 443
519 5657 687 5726 mensumn.
774 5654 802 5724 8)
824 5671 847 5710 o.
861 5669 891 5723 p.
912 5652 1027 5708 XLIII
1038 5659 1094 5710 net.
1107 5660 1131 5708 2.
