4554 6396
859 341 1013 400 uvuuuss
1048 343 1286 401 SATISFAOTIO

922 1187 1063 1272 Eupooii
1083 1189 1220 1256 recensio

416 1343 596 1436 :mm
659 1343 736 1411 Rex
758 1351 893 1412 aeterua
917 1343 1009 1426 deus,
1032 1350 1146 1410 auctor
1168 1349 1339 1432 rectorque
1363 1366 1509 1431 serenus,

470 1449 531 1500 Μ
704 1470 801 1535 quem
824 1448 935 1514 tremit
956 1468 1052 1514 omne
1076 1450 1189 1531 solum,
1213 1449 1268 1535 qui
1290 1451 1378 1536 regis
1401 1452 1477 1537 igue
1498 1454 1620 1539 polum,

656 1543 763 1619 sidera
786 1553 917 1618 flamma
938 1551 1010 1618 dies
1034 1574 1131 1639 quam
1154 1553 1204 1618 eol
1226 1575 1294 1619 nox
1315 1554 1393 1620 luna
1415 1555 1560 1623 latentur

628 1655 642 1726 ι’
703 1663 880 1740 auctorem,
903 1656 1070 1724 domiuum
1093 1657 1227 1723 seacula
1249 1664 1368 1724 ouuota
1390 1661 1540 1746 probant,

537 1777 554 1832 5
630 1763 769 1832 somnia
790 1766 990 1848 permutans,
1014 1761 1103 1828 nullo
1127 1762 1292 1828 mutabilis
1316 1784 1412 1840 aevo,

701 1865 837 1951 posthae
860 1886 991 1952 semper
1014 1867 1087 1947 eris,
1111 1866 1166 1951 qui
1189 1887 1226 1932 ee
1249 1865 1346 1932 modo
1369 1868 1423 1934 vel
1446 1868 1557 1951 fueris,

658 1969 703 2034 nil
727 1968 817 2035 addit
839 1967 1003 2055 demitque
1027 1969 1087 2036 tibi
1110 1977 1176 2036 tam
1199 1970 1298 2056 longa
1321 1977 1487 2038 vetustae:

619 2104 644 2144 ιι
705 2074 815 2139 omnia
837 2079 967 2160 tempus
990 2073 1122 2156 habeut,
1145 2095 1221 2140 uam
1243 2075 1304 2141 tibi
1326 2081 1457 2163 tempus
1481 2077 1588 2154 abeet;

657 2183 693 2242 tu
715 2183 843 2243 mentes
865 2177 1033 2243 homiuum
1057 2179 1190 2264 quaevis
1213 2199 1272 2266 per
1295 2179 1425 2265 singula
1448 2180 1541 2248 duoie

521 2297 554 2354 10
701 2281 897 2368 effingisque
919 2281 1014 2348 bouis
1038 2281 1179 2348 eandida
1201 2283 1301 2349 eorda
1322 2285 1411 2367 viria,

660 2386 715 2472 qui
737 2386 820 2452 faoia
843 2387 944 2452 iratus
967 2385 1117 2453 homiues
1141 2389 1303 2453 contraria
1325 2388 1411 2455 velle

618 2529 620 2532 -
702 2490 927 2576 propitiusque
951 2490 1045 2556 iubes
1068 2497 1105 2555 ut
1128 2490 1216 2558 bona
1239 2497 1357 2558 ouuota
1380 2498 1505 2579 gerant.

594 2659 599 2668 .
617 2625 641 2664 ιι
659 2595 812 2680 quioquid
828 2599 931 2681 agunt
946 2594 1108 2677 homiues,
1124 2596 1211 2662 boue
1228 2617 1387 2683 prospera
1402 2602 1515 2662 sauata
1531 2598 1690 2682 modeste,

606 2743 640 2754 -
700 2704 733 2762 te
756 2698 899 2765 faciente
921 2698 1014 2780 fiunt,
1037 2720 1101 2785 quo
1124 2699 1211 2770 boue
1234 2707 1352 2767 ouueta
1374 2700 1465 2766 fiunt.

521 2817 554 2872 15
605 2847 640 2858 -
660 2807 793 2868 econtra
816 2802 954 2868 adversa
977 2803 1138 2890 probrosa
1160 2805 1305 2890 maligue
1327 2804 1502 2872 inhonesta

606 2952 640 2962 -
701 2911 737 2972 tu
759 2906 830 2972 fieri
852 2907 986 2993 pateris,
1011 2909 1065 2994 qui
1088 2908 1176 2974 mala
1198 2908 1288 2974 nulla
1309 2908 1402 2977 faeie.

615 3042 640 3082 ιι
658 3010 740 3076 haee
764 3017 821 3076 tua
842 3011 898 3077 lex
920 3011 1032 3077 docuit
1053 3011 1169 3098 Moyse
1191 3013 1393 3100 praescripta
1414 3020 1561 3097 notante,

702 3136 776 3181 oum
798 3114 1008 3202 perduratum
1032 3135 1087 3182 eor
1111 3116 1290 3183 Pharaonis
1314 3118 1369 3183 ait.

658 3219 705 3285 sio
726 3239 802 3286 mee
824 3219 932 3300 eorde,
955 3219 1049 3302 deus,
1072 3221 1187 3306 lingua
1208 3226 1359 3308 patrante
1383 3228 1511 3289 reatum

520 3340 555 3398 20
610 3354 636 3395 ao
696 3324 795 3390 noxia
818 3323 914 3410 eulpa
935 3323 1042 3410 ligans
1065 3325 1167 3390 traxit
1190 3325 1232 3390 ad
1254 3325 1386 3407 iuliaita,

615 3455 640 3498 ιι
658 3434 704 3510 ut,
727 3428 782 3513 qui
803 3427 892 3492 seete
914 3426 1033 3493 dueum
1056 3449 1186 3516 possem
1208 3450 1341 3495 narrare
1363 3450 1522 3515 meorum,

564 3558 598 3602 m.
615 3561 641 3602 ιι
702 3531 789 3598 uude
811 3531 892 3596 mihi
913 3537 1051 3618 possent
1073 3531 1159 3598 dona
1180 3533 1291 3598 venire
1315 3533 1421 3618 simul,

570 3659 572 3662 ·
615 3665 640 3706 ιι
659 3635 807 3722 praemia
829 3634 1034 3722 despicerem
1057 3636 1164 3701 tacitis
1188 3641 1237 3702 tot
1260 3637 1393 3722 regibus
1417 3637 1510 3704 almis

703 3745 736 3804 et
758 3745 906 3826 peterem
930 3739 1038 3804 subito
1062 3745 1152 3805 certa
1174 3740 1298 3826 pericla
1320 3741 1429 3807 miser.

443 3859 447 3882 ¹
520 3860 555 3916 25
659 3863 734 3930 quo,
757 3843 819 3908 uiei
842 3843 993 3910 caelestis
1017 3842 1140 3909 domiui
1164 3850 1342 3931 eoueeptua
1365 3844 1406 3910 ab
1430 3845 1545 3911 aethra

702 3967 821 4034 aspera
843 3953 962 4014 euuota
983 3953 1120 4035 premat,
1143 3969 1301 4036 prospera
1316 3948 1412 4015 ¹nulla
1434 3949 1556 4016 iuvant.

348 4225 431 4278 MFP
499 4225 513 4278 1
532 4243 638 4281 serenus
656 4233 739 4293 quem
750 4228 836 4280 tremit
856 4244 931 4281 omne
951 4225 955 4294 Ι
976 4228 1065 4282 Solum
1083 4226 1112 4278 F
1177 4223 1194 4279 2
1212 4225 1351 4295 polorlum)
1369 4226 1404 4278 Μ
1469 4225 1593 4279 dsutetur
1611 4225 1642 4276 Μ
1709 4221 1727 4278 4
1745 4225 1902 4293 proprubaut

245 4312 301 4380 (pro
313 4314 419 4380 priosta
436 4314 537 4380 moe)
555 4313 584 4366 F
670 4313 815 4368 dPoathuu
832 4315 896 4382 (Μ),
912 4317 975 4368 Post
991 4317 1058 4370 haee
1076 4313 1132 4382 (l),
1150 4316 1243 4367 Noster
1261 4313 1286 4365 P
1372 4311 1448 4366 'lNil
1465 4315 1537 4366 addit
1553 4313 1683 4379 demitque
1701 4312 1739 4376 Μ,
1762 4313 1804 4366 Nil
1821 4310 1901 4379 sslllst

246 4399 349 4468 demitq.
362 4398 431 4467 (prou
445 4402 488 4454 Nil
500 4401 598 4468 aliquot
610 4399 711 4453 litterae
722 4399 860 4462 coronidem·
876 4401 904 4452 in
916 4402 996 4454 demit
1008 4418 1076 4454 oorr.
1088 4419 1103 4453 e
1114 4401 1143 4452 ιἰι
1155 4400 1175 4467 1)
1190 4399 1222 4463 F,
1235 4401 1278 4454 Nil
1290 4403 1389 4454 uoulert
1399 4401 1540 4468 adimitque
1552 4399 1579 4452 P
1652 4397 1669 4450 9
1681 4401 1802 4466 quamuis
1814 4397 1901 4464 (Μ)Ρ,

244 4486 352 4554 quaauiu
374 4483 423 4553 (F)
518 4486 552 4540 10
573 4504 622 4540 om·
641 4485 676 4538 M
749 4487 881 4554 eutiuglsq.
900 4487 942 4540 F¹
1031 4487 1062 4540 11
1081 4489 1161 4540 iratos
1180 4487 1215 4538 Μ
1279 4488 1376 4539 homiui
1393 4486 1444 4538 FP
1511 4487 1578 4540 valla
1596 4485 1692 4552 Deae,
1716 4486 1785 4540 bellu
1803 4485 1901 4537 MPF¹

244 4571 326 4634 (uella
343 4572 397 4639 F¹)
480 4571 513 4625 12
530 4555 607 4641 regdt
624 4574 662 4636 Μ,
679 4581 754 4642 gerat
771 4573 822 4626 FP
890 4572 922 4626 14
939 4575 968 4626 iu
980 4576 1037 4642 fiae
1054 4575 1119 4626 fiant
1132 4574 1161 4626 F
1166 4575 1173 4607 ¹
1247 4571 1279 4626 l'l
1298 4553 1367 4626 mdse
1380 4573 1409 4624 F
1482 4571 1515 4626 19
1533 4575 1560 4626 Si
1578 4591 1619 4627 ma
1637 4573 1715 4626 eorda
1727 4573 1765 4634 Μ,
1783 4573 1826 4626 Sia
1843 4589 1901 4624 mea

244 4658 336 4726 lingua
346 4658 399 4710 FP
465 4657 501 4712 20
518 4661 583 4714 iuter
601 4661 680 4729 eulpa
697 4669 722 4714 et
737 4662 822 4729 ligans
834 4661 945 4727 spatium
957 4665 973 4714 6
991 4661 1136 4714 litterarum
1149 4661 1184 4712 Μ
1247 4662 1282 4714 ad
1299 4662 1387 4713 inolita
1400 4659 1425 4711 P
1493 4657 1526 4712 at
1545 4675 1659 4713 meorum
1671 4659 1710 4726 Μ,
1727 4667 1831 4713 tuorum
1843 4657 1900 4726 (ΙΨ,

244 4761 347 4800 reorum
365 4744 391 4797 P
474 4744 509 4799 23
526 4749 603 4800 tautis
621 4747 656 4798 Μ
737 4745 772 4802 25
789 4755 929 4818 eoueeptus
947 4749 980 4802 ab
999 4749 1074 4801 ethra
1090 4747 1134 4814 Μ,
1153 4755 1306 4818 eouspaotua
1324 4749 1358 4800 ad
1377 4747 1479 4823 qthrum
1496 4743 1560 4812 (ieri
1578 4747 1612 4813 P)
1633 4746 1684 4798 FP
