4568 6396
943 365 1146 422 DRACONTII
1181 367 1229 423 DE
1247 367 1428 423 LAVDIBVS
1447 369 1507 424 DEI
1542 371 1555 425 I

838 547 993 628 quattuor
1015 541 1182 608 undisonis
1206 543 1378 629 stringenti
1400 547 1529 632 gurgite
1552 547 1640 634 ripas

838 646 886 712 ire
908 666 968 733 per
989 645 1146 712 arboreos
1171 646 1272 711 saltus
1296 668 1494 735 camposque
1517 651 1672 731 virentes,

837 749 972 814 miratur
995 770 1048 814 se:
1072 749 1150 836 quid
1174 750 1216 815 sit
1238 750 1345 834 homo,
1369 773 1450 838 quos
1472 753 1577 818 factus
1601 753 1642 819 ad
1665 777 1742 820 usus

839 854 923 919 scire
947 855 1037 941 cupit
1059 855 1199 941 simplex
1222 861 1256 920 et
1278 876 1344 920 uon
1367 855 1467 922 habet
1490 855 1576 924 unde
1600 859 1753 944 requirat,

837 979 900 1044 quo
923 959 1039 1024 merito
1063 958 1196 1026 sibimet
1218 960 1296 1025 data
1318 960 1361 1026 sit
1383 961 1550 1047 possessio
1572 962 1711 1028 muudus

835 1070 869 1129 et
891 1063 1006 1129 domus
1029 1065 1116 1129 alme
1138 1085 1254 1130 nemus
1277 1086 1336 1152 per
1358 1067 1460 1132 florea
1482 1088 1586 1154 regna
1607 1075 1737 1155 parata;

835 1173 869 1232 at
891 1169 1005 1254 procul
1028 1174 1202 1254 exspectat
1224 1169 1345 1236 virides
1369 1170 1514 1236 iumenta
1536 1193 1596 1258 per
1618 1193 1715 1258 agros

835 1278 868 1338 et
891 1272 932 1338 de
955 1295 990 1339 se
1013 1275 1133 1340 tacitus
1158 1296 1241 1362 quae
1265 1276 1331 1340 siut
1354 1275 1438 1342 haee
1461 1281 1578 1342 cuneta
1600 1279 1736 1364 requirit

833 1380 887 1444 vel
911 1399 1011 1465 quare
1034 1400 1146 1444 seeum
1169 1400 1235 1444 uon
1258 1380 1322 1444 sint
1344 1380 1426 1445 haec
1449 1386 1567 1446 cuncte
1588 1382 1726 1456 volutat:

834 1507 909 1550 uam
932 1489 1084 1551 consorte
1107 1507 1221 1552 carens
1247 1507 1319 1550 cum
1344 1506 1407 1572 quo
1431 1486 1595 1552 conferret
1618 1481 1748 1572 egebat.

833 1590 960 1655 viderat
983 1590 1188 1677 omnipotens
1212 1590 1408 1656 baccillum
1432 1590 1529 1657 corde
1552 1597 1739 1658 moventem

834 1700 867 1759 et
888 1695 1060 1760 miseratus
1083 1696 1130 1760 ait
1159 1691 1286 1760 ‘demus
1310 1694 1470 1761 adiutoria
1492 1694 1578 1760 facto

832 1800 1024 1886 participem
1046 1795 1199 1885 generis’.
1244 1806 1409 1886 tamquam
1432 1800 1460 1864 si
1482 1799 1605 1867 diceret
1627 1807 1754 1867 auctor:

831 1925 896 1969 non
920 1904 1025 1970 solum
1049 1904 1145 1970 decet
1167 1923 1241 1970 esse
1264 1905 1379 1986 virum,
1403 1906 1566 1971 consortia
1588 1905 1710 1972 blanda

831 2009 968 2092 noverit,
991 2030 1074 2074 uxor
1098 2010 1170 2090 erit,
1194 2009 1246 2073 eui
1269 2009 1311 2074 sit
1333 2015 1442 2074 tamen
1464 2009 1525 2076 iste
1551 2011 1701 2086 maritus3

832 2113 1019 2198 coniugium
1043 2133 1079 2178 se
1103 2113 1240 2198 quisque
1263 2119 1367 2192 vocet,
1391 2112 1531 2180 dulcedo
1555 2119 1703 2179 recurrat

831 2216 985 2283 cordibus
1007 2216 1157 2282 innocuis
1180 2222 1213 2282 st
1235 2217 1277 2281 sit
1299 2216 1362 2282 sibi
1384 2217 1504 2304 pignus
1527 2223 1676 2303 uterque,

831 2321 917 2386 velle
940 2341 1037 2407 pares
1061 2325 1095 2386 et
1116 2321 1203 2386 nolle
1227 2341 1334 2407 pares,
1358 2326 1448 2386 stans
1472 2343 1538 2386 una
1560 2323 1723 2404 voluntas,

830 2447 896 2512 pax
919 2426 1018 2490 animi
1041 2445 1174 2491 concors
1197 2426 1332 2512 paribus
1356 2447 1549 2493 concurrere
1573 2427 1671 2508 votis,

707 2547 713 2557 ·
829 2531 924 2595 ambo
948 2530 1010 2595 sibi
1037 2530 1166 2616 requies
1190 2529 1297 2596 cordis
1321 2531 1394 2611 sint,
1418 2529 1514 2596 umbo
1537 2529 1653 2596 fideles

831 2640 865 2700 et
886 2635 1081 2720 quicumque
1104 2633 1200 2699 datur
1222 2654 1328 2716 casus,
1351 2635 1392 2699 sit
1414 2655 1515 2700 causa
1538 2634 1685 2700 duorum.

831 2759 892 2804 nec
914 2759 1015 2819 mors,
1039 2739 1104 2803 iam
1127 2738 1217 2804 venit
1241 2741 1308 2804 alta
1331 2739 1423 2824 quies
1446 2740 1623 2825 oculosque
1646 2741 1778 2827 supinat

830 2864 963 2908 somnus
987 2847 1021 2908 et
1043 2843 1077 2906 in
1101 2842 1229 2909 dulcem
1253 2844 1424 2908 solvuntur
1446 2842 1591 2909 membra
1615 2865 1775 2932 soporem.

830 2946 888 3013 sed
913 2968 986 3012 curn
1009 2949 1080 3013 iure
1104 2947 1185 3013 deus
1208 2948 1298 3014 nullo
1321 2947 1514 3034 prohibente
1537 2949 1663 3014 valeret

829 3050 961 3117 demere
984 3051 1179 3138 particulam
1201 3050 1242 3117 de
1266 3051 1352 3137 quod
1374 3052 1449 3138 pius
1472 3052 1543 3139 ipse
1567 3059 1698 3138 pararat

828 3155 901 3240 (sed
919 3149 953 3220 ‘si
975 3157 1086 3221 ablata
1108 3155 1202 3222 daret
1224 3157 1335 3222 iuveni
1358 3177 1419 3221 sua
1441 3161 1533 3222 costa
1554 3156 1710 3238 dolorem,

828 3259 982 3326 redderet
1005 3265 1038 3325 et
1059 3261 1188 3326 tristem
1210 3259 1328 3343 subito,
1354 3281 1451 3346 quem
1475 3259 1606 3326 laedere
1630 3259 1757 3347 nollet),

827 3363 879 3428 fur
901 3363 1015 3449 opifex
1037 3365 1107 3429 vult
1130 3385 1204 3430 esse
1227 3386 1315 3430 suus.
1365 3385 1441 3430 nam
1464 3370 1579 3451 posset
1601 3371 1635 3430 et
1659 3365 1749 3430 illam

826 3469 963 3555 pulvere
987 3469 1028 3534 de
1051 3469 1149 3533 simili
1172 3469 1324 3556 princeps
1348 3468 1490 3534 formare
1512 3469 1666 3555 puellum,

827 3570 885 3638 sed
908 3592 971 3656 quo
995 3573 1113 3658 plenus
1136 3592 1228 3637 amor
1250 3579 1318 3637 toto
1342 3572 1382 3637 de
1406 3572 1502 3638 corde
1526 3573 1662 3654 veniret,

670 3676 723 3734 380
826 3698 963 3743 noscere
987 3677 1020 3742 iu
1044 3697 1180 3742 uxerem
1203 3677 1305 3742 voluit
1327 3697 1387 3742 sua
1409 3678 1557 3742 membra
1580 3677 1741 3742 maritum.

825 3781 977 3847 dividitur
1001 3786 1155 3846 contexta
1178 3781 1272 3863 cutis,
1296 3779 1488 3847 subducitur
1509 3801 1576 3845 una

410 3981 437 4032 ιἰι
455 3928 480 4030 ‘O
500 3975 558 4031 350.
577 3974 637 4030 351.
655 3973 783 4030 353-55.
801 3972 861 4028 360.
880 3972 939 4027 364.
957 3971 1017 4026 365.
1035 3970 1182 4026 367-370.
1200 3967 1329 4026 371-74.
1348 3969 1486 4026 377-381

514 4081 567 4136 350
583 4083 705 4135 udisouos
725 4081 748 4134 0
814 4081 955 4147 stringente
968 4078 1023 4145 Bc,
1041 4093 1109 4131 corr.
1128 4079 1229 4130 Traube
1298 4076 1348 4131 351
1367 4095 1473 4144 caposq3
1493 4078 1519 4128 Β
1587 4075 1638 4132 352
1656 4095 1683 4131 se
1702 4078 1776 4130 codd.
1791 4077 1941 4148 Euppms,
1959 4080 2028 4148 s(ed)
2041 4083 2067 4133 Β

445 4168 497 4224 355
514 4185 576 4222 rura
593 4175 682 4237 parata
697 4168 723 4231 0,
741 4185 821 4234 regna
838 4163 980 4234 perstabo)
992 4167 1025 4232 Β,
1043 4169 1077 4234 ss.
1091 4165 1172 4234 Eup.;
1191 4183 1252 4218 rurs
1268 4166 1297 4217 in
1311 4164 1334 4216 0
1348 4164 1449 4233 571155.
1468 4183 1499 4217 su
1511 4165 1582 4233 Verp.
1595 4164 1672 4231 (Aea.
1687 4171 1708 4232 1,
1719 4166 1783 4232 430)
1798 4167 1917 4232 inlatum,
1935 4168 1970 4233 cs.
1982 4165 2065 4220 Drae.

410 4261 435 4324 3,
450 4261 496 4310 311
591 4253 643 4308 356
661 4263 740 4320 atque
761 4254 851 4320 procul
875 4261 974 4320 spectat
995 4253 1089 4320 Peiper
1184 4252 1236 4305 358
1253 4249 1310 4306 selr'r
1329 4253 1354 4302 Β
1449 4251 1501 4305 360
1518 4254 1636 4306 cordat*
1727 4251 1779 4304 364
1796 4255 1903 4306 Nouerit
1926 4255 2016 4308 om,0

409 4346 453 4396 cui
469 4352 555 4396 nmen
573 4344 607 4395 sit
624 4340 748 4407 (correcto
766 4349 852 4393 tamea
870 4341 972 4407 molins)
992 4341 1019 4407 0,
1039 4341 1121 4408 ou(m)
1141 4343 1174 4394 sit
1192 4350 1278 4394 minen
1296 4343 1329 4406 Β,
1347 4344 1422 4395 euius
1439 4349 1526 4394 lamen
1537 4342 1605 4408 Eup.
1675 4337 1726 4392 366
1744 4341 1796 4391 sint
1813 4340 1880 4406 Eup.
1950 4339 2002 4393 368
2014 4344 2066 4394 Par

416 4431 472 4496 VII,
490 4433 553 4483 Pars
571 4428 638 4496 Eup.
709 4445 861 4480 concurrere
879 4445 956 4481 uoces
975 4429 1000 4480 B
1068 4428 1191 4482 3711155
1209 4447 1280 4482 mors
1297 4431 1384 4482 om.0
1449 4427 2065 4497 55555501111155,5551551Β,55555511)Ι

447 4515 499 4570 373
516 4533 631 4584 soporem
647 4516 669 4568 0
683 4515 763 4582 1155,
785 4515 897 4581 quietem
915 4515 951 4578 B;
976 4533 1033 4568 cum
1050 4526 1074 4569 et
1091 4518 1206 4571 mambra
1226 4519 1338 4584 quietem
1356 4525 1379 4569 et
1400 4517 1515 4568 membra
1531 4533 1646 4584 soporem
1663 4515 1772 4567 55115155
1789 4516 1840 4566 siat
1856 4516 2002 4577 clausulae,
2024 4515 2066 4568 tie

404 4614 469 4670 puto
487 4604 513 4656 B
535 4619 636 4655 srroase
654 4601 738 4670 (quies
756 4620 778 4654 o.
793 4600 866 4669 371),·
887 4604 944 4654 olio
962 4620 1003 4655 res
1025 4612 1061 4655 eat
1083 4621 1105 4656 5.
1126 4607 1184 4668 355,
1208 4607 1259 4656 388
1361 4601 1413 4655 373
1435 4621 1495 4656 cum
1517 4605 1606 4656 oraO
1707 4600 1759 4655 374
1776 4604 1807 4654 de
1825 4604 1892 4670 quod
1911 4602 1943 4666 Β,
1962 4604 1994 4655 15
2011 4621 2065 4670 555

410 4691 523 4758 wop,
541 4692 572 4742 de
590 4688 607 4756 5
625 4689 662 4755 Μ,
680 4690 712 4741 de
730 4705 782 4756 qna
796 4685 880 4742 VRU
961 4688 1012 4744 375
1031 4691 1126 4744 sonaci
1148 4691 1192 4742 ssd
1210 4691 1312 4743 sublate
1398 4689 1449 4742 377
1467 4693 1547 4759 possit
1564 4699 1589 4743 et
1606 4691 1679 4742 illum
1699 4689 1722 4740 0
1783 4690 1914 4743 alumnam
1926 4690 1993 4756 1155.

406 4775 458 4830 379
475 4794 528 4844 555
545 4777 621 4843 Eua,
638 4776 707 4843 quod
728 4775 992 4844 0555511755
1066 4794 1171 4845 corpore
1188 4778 1296 4833 cornia
1321 4779 1397 4830 corde
1417 4776 1449 4828 (1ι
1544 4773 1597 4827 380
1613 4793 1694 4830 uxore
1711 4776 1848 4842 Sirmoad,
1872 4777 1960 4828 uxoris
1978 4776 2065 4828 uara

407 4864 507 4918 advers
519 4867 559 4929 21,
570 4867 587 4915 2

510 5031 563 5089 350
578 5031 613 5099 cf.
628 5032 693 5088 (155.
708 5041 777 5102 2,10
794 5032 883 5090 &aas
896 5041 920 5102 3,
933 5042 980 5092 173
1049 5036 1101 5093 354
1118 5037 1346 5105 nazoraeum
1355 5045 1401 5094 106
1413 5037 1542 5096 Troianis
1560 5036 1674 5093 dabitur
1691 5039 1768 5093 totus
1787 5037 1924 5107 possessio
1942 5037 2063 5094 muudus

441 5137 492 5193 361
517 5141 581 5192 Ossa.
602 5143 626 5206 2,
647 5143 682 5192 18
704 5137 839 5194 faciamus
862 5140 888 5196 ei
906 5141 1076 5198 adiutorium
1094 5143 1185 5200 simile
1207 5144 1262 5200 sibi
1280 5144 1386 5212 (Siracb
1397 5154 1435 5215 17,
1447 5149 1474 5215 5)
1561 5145 1612 5200 365
1630 5144 1823 5216 Vopiscus,
1837 5149 1884 5197 172
1902 5143 2062 5213 coniugium

407 5243 492 5296 vocat
578 5239 629 5296 367
651 5241 715 5298 Sall.
732 5243 843 5314 casso,
858 5253 875 5299 4
900 5245 974 5302 idem
994 5247 1066 5304 velle
1084 5253 1170 5319 atque
1188 5249 1263 5306 idem
1280 5250 1370 5317 nolle;
1393 5251 1428 5319 es.
1448 5251 1493 5305 ad.
1511 5251 1556 5307 Or.
1571 5257 1620 5306 293
1706 5250 1757 5306 374
1775 5250 1809 5305 dc
1832 5249 1907 5319 quod
1927 5249 1962 5315 cs.
1976 5255 1998 5317 1,
2010 5255 2063 5304 402

408 5361 470 5399 eum
489 5344 623 5415 quicquid
642 5345 717 5402 iussa
735 5349 1001 5419 5555511218015
1019 5353 1154 5424 quicquid
1172 5354 1276 5425 ubique
1295 5356 1396 5412 creasti
1491 5355 1593 5426 37755.
1611 5355 1646 5423 cf.
1660 5356 1734 5410 Mar.
1747 5353 1897 5411 7151515111.
1910 5363 1932 5424 1,
1947 5360 2062 5424 374555.

408 5451 503 5519 posset
515 5449 593 5504 molli
606 5467 668 5505 enm
681 5452 796 5523 pulvere
808 5454 885 5525 fingi,
904 5459 998 5526 posset
1016 5461 1045 5514 st
1061 5476 1095 5515 ex
1107 5458 1197 5516 nihilo
1266 5459 1318 5518 380
1331 5460 1406 5517 Mar.
1422 5461 1485 5518 Vsa.
1497 5461 1576 5518 eletb.
1589 5471 1611 5531 1,
1625 5465 1770 5519 38051...
1787 5460 1918 5517 misceret
1929 5476 2062 5528 amorem,

407 5557 496 5610 semet
516 5553 547 5608 in
570 5555 686 5612 alterius
705 5573 807 5629 cogens
825 5577 976 5631 agnoscere
993 5563 1125 5620 membris
1216 5565 1218 5570 '
1236 5566 1286 5622 381
1307 5567 1379 5622 Mar.
1399 5566 1587 5636 Vincetur,
1602 5573 1650 5624 383
1661 5566 1763 5623 mentis
1781 5568 1813 5623 ut
1825 5564 1935 5636 experti
1952 5565 2062 5636 pollens

412 5655 563 5715 subducere
582 5661 697 5728 costam,
714 5661 778 5717 iuda
795 5663 875 5720 stiam
892 5665 950 5721 Ale.
963 5666 1013 5723 Aa
1026 5675 1048 5738 1,
1060 5676 1112 5724 154
1139 5667 1248 5726 cunctis
1271 5672 1411 5730 costarum
1433 5689 1468 5730 ex
1489 5670 1596 5729 ossibus
1618 5689 1702 5732 unam
1721 5670 1852 5730 subducit
1869 5670 1949 5728 laeso
1967 5669 2061 5737 lateri,

405 5761 440 5829 cs.
453 5766 478 5818 st
498 5762 604 5835 (doripp.
618 5763 686 5821 1551.
700 5771 723 5836 2,
737 5772 771 5822 24
