4590 6390
1123 379 1327 438 DRAOONTII

793 561 890 647 regis,
913 566 948 628 et
969 560 1089 626 Iliaeas
1112 559 1241 646 quaerit
1262 580 1321 646 per
1343 559 1438 624 litora
1460 579 1603 647 puppes;

792 666 964 752 Aegaeum
988 665 1117 731 suloare
1140 663 1259 730 fretum
1281 665 1347 729 iem
1371 667 1481 730 mente
1505 663 1652 750 parabat.

706 786 759 844 220
793 769 839 834 010
860 775 956 856 pater
977 767 1165 854 adloquitur
1185 768 1338 834 iuvenem
1362 787 1512 833 sermone
1535 766 1693 834 verendo:

791 871 890 957 ‘nate,
913 872 1018 939 redux
1040 873 1174 959 pietatis
1197 892 1298 955 amor,
1321 871 1426 938 bouus
1450 871 1570 938 arbiter
1590 872 1682 955 Idae,

792 975 856 1060 die,
879 977 935 1043 ubi
958 979 1007 1042 vis
1030 997 1158 1042 armare
1180 982 1279 1058 rates,
1303 977 1360 1043 ubi
1383 977 1520 1044 carbasa
1541 976 1662 1043 tendis.

792 1101 953 1167 nusquam
974 1081 1063 1148 bella
1085 1102 1175 1168 paro,
1198 1101 1335 1168 regnum
1358 1082 1418 1147 sub
1441 1101 1522 1168 paee
1545 1080 1704 1167 guberno.

792 1184 850 1250 sed
874 1185 903 1250 si
925 1191 1039 1272 torpor
1060 1185 1149 1252 iners
1172 1184 1276 1273 pudor
1298 1190 1349 1251 est
1372 1191 1406 1251 et
1428 1191 1524 1271 turpe
1546 1204 1665 1251 vacare

705 1305 756 1360 225
792 1287 909 1370 eredis,
931 1287 1132 1368 Alexander,
1156 1295 1245 1355 eerte
1268 1289 1398 1375 legatus
1421 1288 1536 1356 adesto

792 1399 826 1460 et
848 1392 1031 1460 Telamona
1054 1393 1171 1460 ducem
1193 1398 1389 1460 conventum
1413 1413 1557 1481 exposce
1581 1413 1725 1458 sororem
1799 1433 1800 1436 =

792 1497 961 1565 Hesionen
984 1519 1071 1580 mox,
1094 1503 1182 1580 nate,
1205 1519 1328 1564 meam:
1352 1498 1482 1585 captiva
1504 1502 1636 1564 tenetur

791 1623 844 1668 me
867 1609 1027 1689 regnante
1050 1623 1150 1669 soror.
1188 1602 1265 1668 dum
1288 1601 1411 1668 Doriea
1432 1622 1534 1689 regna
1555 1622 1724 1688 peragras,

791 1705 848 1771 dat
870 1705 983 1773 Venus
1006 1727 1153 1788 uxorem,
1178 1705 1276 1772 faoiet
1298 1711 1331 1772 te
1353 1703 1435 1771 Iuno
1458 1696 1633 1772 maritum'.

705 1823 757 1880 239
792 1815 869 1876 1000
892 1809 1018 1876 iuvenis
1041 1810 1173 1897 gavisus
1196 1811 1242 1874 ait
1264 1802 1433 1896 ‘paremus
1457 1815 1600 1888 ovantes,

792 1914 913 2000 optime
935 1913 1168 2001 Troiugenum,
1190 1913 1272 1979 nihil
1295 1920 1345 1980 est
1367 1912 1452 2000 quod
1474 1913 1565 1979 iussa
1586 1911 1758 1980 recusem?

790 2017 931 2083 laetatur
953 2019 1062 2084 senior
1083 2019 1142 2083 tali
1164 2017 1385 2084 moderamine
1409 2017 1495 2094 neti3

792 2121 911 2187 ellatur
929 2113 1002 2186 ‘tua
1024 2127 1109 2204 vota,
1133 2121 1237 2202 Paris,
1261 2121 1295 2186 di
1318 2122 1405 2187 iuste
1428 2119 1619 2206 secundent,

792 2224 854 2290 boe
877 2230 1003 2292 tautum
1027 2226 1166 2313 supplex
1189 2225 1320 2313 genitor
1341 2247 1412 2309 rex,
1434 2231 1521 2308 nate,
1545 2232 1712 2312 precetur:

704 2344 755 2400 295
791 2329 910 2396 Iliaeos
932 2351 1085 2416 proceres
1108 2337 1175 2397 tres
1198 2337 1307 2397 tecum
1330 2349 1468 2416 pergere
1492 2329 1607 2396 saltem

790 2433 926 2521 imperio
950 2433 1093 2501 eoneede
1116 2456 1205 2501 meo:
1229 2434 1413 2500 veneranda
1436 2441 1590 2501 seneotus

789 2539 1005 2625 praeeipitem
1028 2538 1136 2605 frenat
1159 2539 1289 2605 monitis
1311 2559 1370 2626 per
1393 2544 1512 2604 eunota
1533 2539 1709 2606 iuventam.

791 2642 943 2728 egregios
966 2643 1103 2708 comites
1126 2649 1302 2730 praestem,
1324 2643 1387 2709 tria
1408 2643 1531 2708 lumine
1553 2643 1661 2728 gentis

789 2745 936 2812 Hectore
959 2746 1118 2833 praelato,
1143 2748 1195 2812 eui
1217 2753 1285 2812 tota
1307 2747 1455 2834 petentia
1478 2746 1580 2813 eadit:

703 2865 755 2922 240
788 2848 948 2932 Antenor,
970 2850 1165 2938 Polydamas
1189 2858 1284 2918 erunt
1305 2851 1497 2938 iuuenisque
1520 2849 1648 2918 Dionae

788 2954 922 3020 Aeneas
946 2961 1106 3042 eoguetus
1128 2955 1243 3022 adest‘.
1288 2956 1334 3022 eie
1357 2956 1444 3022 fatus
1468 2961 1501 3022 et
1524 2976 1638 3021 omnes

787 3062 824 3122 ut
846 3059 980 3125 veniant
1001 3079 1061 3125 rex
1083 3061 1153 3147 ipse
1175 3059 1267 3126 iubet
1288 3065 1485 3149 properante
1509 3060 1667 3126 ministro.

789 3183 862 3227 oum
885 3162 1022 3228 dueibus
1043 3162 1128 3229 redit
1150 3164 1221 3249 ipse
1245 3165 1357 3230 volans
1380 3163 1422 3230 ad
1444 3169 1533 3230 teeta
1555 3163 1687 3230 satelles

787 3268 892 3352 regia;
916 3274 1119 3353 cognoscunt
1140 3288 1294 3355 proceres
1318 3289 1381 3355 quo
1404 3269 1479 3336 vela
1501 3275 1667 3355 parantur.

699 3390 751 3445 245
786 3393 848 3438 nee
870 3393 972 3453 mora,
996 3371 1218 3438 oonsoendunt
1239 3393 1367 3460 puppes
1391 3379 1424 3440 et
1446 3373 1543 3439 litora
1564 3373 1724 3460 linquunt.

786 3476 943 3543 Dardana
965 3477 1030 3542 iam
1053 3475 1210 3542 Tenedon
1233 3477 1347 3542 elassis
1370 3476 1542 3558 transibat,
1565 3477 1705 3564 Abydon

787 3589 821 3648 et
845 3580 966 3647 Seston
989 3581 1110 3647 dimisit
1131 3581 1224 3667 aquis
1247 3602 1428 3668 ourvasque
1450 3581 1593 3657 Maleam

786 3686 852 3752 iam
875 3684 1043 3751 Salamina
1066 3683 1178 3751 vident
1200 3683 1392 3752 Telamonia
1414 3707 1513 3773 regna
1535 3692 1697 3772 petentes.

784 3796 820 3855 ut
842 3795 970 3877 portum
992 3788 1133 3875 tetigere
1156 3795 1256 3870 rates,
1277 3811 1354 3855 mox
1377 3811 1497 3857 ancora
1518 3789 1644 3856 mordet

698 3910 750 3969 250
786 3895 864 3960 litus
887 3900 921 3959 et
942 3893 1092 3959 inventas
1115 3893 1236 3959 ferrum
1259 3894 1426 3980 pertundit
1448 3895 1605 3962 harenas:

784 3998 947 4086 puppibus
971 3996 1108 4063 adnexis
1132 4003 1253 4063 terram
1275 3999 1418 4064 Troiana
1440 3999 1594 4066 iuventus

784 4109 818 4169 et
840 4122 994 4190 proeeres
1017 4102 1144 4188 petiere
1166 4102 1272 4182 simul,
1296 4103 1355 4169 sed
1376 4104 1464 4190 regis
1487 4103 1529 4170 ad
1552 4105 1661 4170 aulam

783 4207 968 4294 linquentes
991 4226 1069 4271 mox
1091 4206 1167 4272 litus
1191 4212 1279 4273 eunt.
1324 4227 1404 4293 quos
1428 4208 1564 4295 suseipit
1586 4207 1683 4274 beros

489 4467 541 4522 222
553 4479 614 4537 post
631 4480 699 4524 rates
711 4471 785 4525 dotet
803 4470 848 4522 ubi
863 4469 895 4536 N,
914 4485 961 4521 eur
979 4467 1069 4533 maen,
1092 4468 1114 4520 si
1132 4467 1261 4528 Bdbrens,
1280 4485 1331 4533 quo
1348 4468 1442 4534 Peiper
1459 4467 1504 4538 (ef.
1520 4471 1582 4536 244)
1661 4472 1712 4525 223
1723 4475 1791 4528 bello
1803 4475 1833 4527 N
1907 4475 1959 4528 226
1976 4477 2042 4530 tala-

384 4574 459 4609 mona
477 4557 505 4608 N
590 4565 746 4612 mouentum
771 4557 805 4622 N,
828 4574 897 4610 eom
916 4555 1045 4608 Brlcbeler
1131 4552 1182 4606 227
1206 4555 1326 4608 Eeionem
1344 4555 1375 4605 N
1456 4554 1508 4608 229
1529 4561 1581 4611 Det
1602 4559 1723 4612 Remea
1792 4564 1869 4616 faeiat
1886 4571 1911 4617 te
1929 4564 2044 4629 1000(οω

384 4662 436 4698 une
454 4643 535 4708 corr.)
552 4644 583 4696 N
683 4643 736 4698 232
757 4645 880 4697 Laetatur
902 4642 984 4694 Duba
1008 4641 1047 4707 (ut
1064 4643 1098 4710 es.
1117 4641 1177 4707 189)
1288 4641 1502 4696 2371001001οω
1525 4645 1556 4695 N
1659 4645 1712 4699 238
1733 4649 1783 4701 tria
1800 4649 1928 4713 Bdbrenr,
1953 4658 1999 4704 tua
2017 4650 2049 4702 N

418 4729 471 4784 240
488 4733 571 4784 Dione
584 4732 618 4797 Ν,
632 4748 701 4784 corr.
715 4731 796 4782 Drsba
865 4727 916 4784 241
934 4730 1018 4781 Dione
1030 4730 1060 4780 A.
1074 4737 1216 4797 prognatus
1230 4730 1358 4794 Berressa,
1376 4733 1450 4799 ates.
1464 4735 1549 4785 0363
1617 4734 1819 4788 ssturBotrem
1887 4735 1939 4789 243
1950 4739 2049 4790 rediN

418 4819 462 4870 ille
480 4818 590 4871 Ribbeck
671 4816 723 4870 244
741 4819 809 4870 bella
826 4818 861 4884 N,
881 4834 947 4869 0οη.
961 4815 1089 4868 Bitelreler
1169 4813 1221 4867 240
1239 4817 1373 4870 Dardana:
1391 4818 1445 4870 iam
1462 4819 1572 4871 tenedon
1590 4820 1641 4872 iem
1659 4821 1748 4874 elassis
1766 4823 1892 4876 transibat
1908 4825 1994 4877 abdon
2006 4825 2041 4888 N,

383 4921 451 4956 eurr.
464 4904 582 4958 Iannelli
663 4901 715 4956 247
732 4905 807 4972 aqina
826 4917 933 4970 vovasq3
950 4903 1050 4955 maleas
1068 4900 1160 4968 (voves
1172 4903 1255 4968 spatio
1272 4921 1352 4956 00090
1365 4912 1458 4969 posteo
1470 4905 1620 4972 inscriptum
1637 4909 1816 4960 remeandum
1833 4910 1932 4962 litterar
1943 4912 2042 4964 mitae

383 4991 505 5044 obseurar
522 4991 654 5060 archetypi
671 4991 827 5044 delineatum
845 4988 892 5055 ert)
911 4989 945 5056 N,
969 5006 1035 5042 corr.
1054 4989 1182 5054 Ioanelli3
1206 5006 1348 5057 saevasque
1371 4990 1460 5054 Dedan,
1483 5009 1631 5060 nouumque
1652 4993 1782 5062 Bdlsrem,
1808 4997 1947 5064 mucisque
1963 4997 2042 5051 dee

417 5075 470 5130 250
486 5080 606 5132 inuentae
624 5078 659 5144 N,
677 5079 774 5131 inuitas
791 5078 927 5142 Belelrelar,
946 5083 1063 5130 umentes
1080 5075 1207 5143 Roratery

487 5333 536 5388 221
555 5332 631 5388 VIII
642 5337 673 5389 31
692 5349 753 5388 eum
769 5337 835 5388 nota
909 5333 961 5390 224
978 5333 1047 5390 Stre.
1059 5335 1115 5390 ailo.
1127 5343 1151 5404 5,
1164 5341 1188 5402 3,
1199 5341 1250 5390 269
1267 5334 1315 5390 sed
1333 5336 1362 5390 te
1380 5337 1477 5406 torpor
1495 5334 1568 5392 iners
1639 5335 1691 5393 229
1709 5337 1768 5392 Iao.
1782 5345 1807 5405 6,
1819 5342 1869 5392 619
1885 5337 1910 5392 si
1928 5337 2042 5394 10010001

383 5437 456 5493 1000
478 5436 611 5494 maritum
632 5439 635 5507 1
656 5437 785 5494 insanum
871 5437 1196 5508 2901701·9.420.3,199
1219 5455 1348 5510 paremus
1374 5443 1491 5495 ovantes
1512 5447 1550 5509 (4,
1565 5443 1624 5508 677)
1710 5439 1762 5495 233
1782 5441 2042 5511 1000400229

382 5539 411 5594 di
436 5542 533 5595 nostra
556 5539 672 5611 incepta
696 5541 850 5599 secundent
961 5544 1012 5600 293
1040 5544 1204 5600 Maximine.
1225 5545 1255 5599 el.
1275 5551 1299 5612 2,
1322 5551 1354 5599 65
1379 5544 1537 5600 venerande
1566 5547 1693 5602 senectus
1717 5543 1914 5614 (00000100.
1934 5553 1955 5616 7,
1973 5551 2040 5620 202)

416 5643 468 5700 239
488 5643 584 5699 Claud.
597 5650 622 5715 3,
635 5651 684 5701 ete
701 5663 735 5704 eu
753 5650 850 5703 uostm
862 5647 993 5721 potentia
1005 5649 1089 5706 cessit
1157 5650 1209 5707 249
1225 5647 1302 5728 Verp.
1315 5647 1382 5702 Aes
1394 5653 1449 5716 6,8
1466 5651 1499 5704 01
1516 5648 1633 5733 pelagus
1651 5651 1764 5716 tenuere
1783 5649 1858 5714 rates
