4590 6390
1040 376 1242 434 DRACONTII

710 547 744 619 et
766 553 898 618 sinuant
920 552 1015 619 orbes
1037 573 1097 639 per
1118 553 1241 641 pallida
1264 554 1349 620 colla
1371 553 1560 641 dracones):

709 656 736 721 si
758 656 908 723 manibus
930 657 1055 723 laniata
1076 658 1159 724 meis
1182 658 1271 724 mala
1293 657 1425 724 victima
1445 665 1575 725 vestros

709 759 751 825 ad
773 781 887 826 manes
909 762 1059 848 pervenit
1081 763 1190 842 homo,
1214 763 1241 828 si
1264 762 1391 828 viscera
1413 764 1524 828 matris

622 880 674 936 445
709 885 766 930 vos
789 869 923 951 propter
945 864 1097 931 scindens
1120 865 1270 932 homines
1292 866 1325 930 in
1348 871 1460 931 ventre
1482 865 1608 944 necari,

709 989 793 1033 nunc
816 975 945 1035 nostras
969 968 1079 1035 audite
1101 989 1227 1057 preces.
1271 975 1426 1056 regnator
1448 968 1582 1052 Averni,

708 1072 851 1139 crastina
874 1093 946 1138 eum
970 1071 1094 1139 Glauce
1119 1074 1230 1140 reniet
1251 1079 1394 1161 nuptura
1417 1074 1544 1154 marito,

708 1196 786 1242 mox
808 1176 926 1242 Furias
949 1176 1086 1243 admitte
1110 1181 1200 1254 tuas;
1223 1182 1407 1265 properate,
1432 1198 1561 1244 sorores

708 1281 903 1347 Tartareae:
926 1280 1051 1347 Thebis
1075 1281 1193 1348 iterum
1217 1282 1282 1346 iam
1304 1286 1381 1346 vota
1403 1288 1572 1368 geruntur,

621 1403 674 1460 450
709 1385 836 1468 currite,
858 1405 919 1472 per
940 1384 1102 1451 thalamos
1126 1385 1277 1453 locastae
1301 1385 1403 1452 irater
1426 1392 1459 1451 et
1481 1386 1578 1452 heres

708 1489 876 1574 coniungit
898 1494 1019 1555 natam.
1065 1509 1146 1576 gens
1171 1489 1278 1576 (haee)
1305 1495 1356 1555 est
1378 1495 1504 1556 vestra:
1528 1489 1650 1557 dicavit

706 1592 867 1658 mortibus
891 1594 1052 1680 impietas,
1075 1594 1213 1660 affectus
1236 1593 1353 1660 lunera
1375 1599 1552 1681 praestant.

707 1718 764 1763 eur
786 1703 896 1762 morat
923 1717 999 1763 nam
1022 1697 1104 1762 nihil
1127 1703 1178 1763 est
1201 1698 1287 1784 quod
1309 1718 1374 1764 non
1397 1717 1450 1763 me
1473 1698 1632 1764 exandiat
1654 1719 1818 1785 umquam.

707 1801 877 1887 virginitas
901 1802 930 1867 ei
952 1806 1044 1867 easta
1066 1801 1184 1888 placet,
1208 1803 1352 1868 retinere
1375 1801 1535 1888 pudorem

619 1921 671 1976 455
706 1905 734 1970 si
757 1905 838 1971 libet
860 1911 894 1970 et
915 1926 1093 1992 numquam
1117 1907 1270 1992 contagia
1292 1905 1413 1972 blanda
1436 1905 1546 1972 mariti

707 2010 873 2095 quaeritis,
896 2010 1052 2098 innuptae
1075 2016 1210 2097 nuptam
1234 2009 1407 2076 exhorrete
1431 2030 1570 2077 sorores.

707 2113 736 2178 ai
757 2112 875 2178 Furias
898 2113 1026 2180 saevire
1049 2133 1166 2202 precor
1187 2133 1249 2179 nec
1273 2118 1391 2200 sponte
1413 2114 1552 2196 necetis,

706 2237 772 2283 non
795 2217 873 2283 estis
895 2217 1031 2283 Furiae:
1055 2237 1174 2284 nomen
1198 2222 1322 2284 mutate
1345 2217 1537 2304 domosque,

706 2321 817 2408 ponite
841 2327 1021 2408 serpentes,
1045 2322 1168 2388 alienas
1192 2320 1319 2388 reddite
1343 2322 1491 2388 flammas

620 2439 672 2498 460
708 2431 741 2491 et
763 2445 899 2512 puerum
921 2424 1072 2504 Veneris,
1096 2445 1193 2511 quem
1216 2425 1282 2490 iam
1304 2426 1497 2512 tempsistis,
1520 2423 1650 2491 amate.²

706 2528 836 2594 dixerat
856 2535 890 2593 et
912 2534 999 2594 terra
1021 2529 1163 2615 spatium
1186 2527 1394 2594 tremibunda
1417 2527 1542 2595 ciebat:

706 2652 769 2718 quc
794 2637 930 2698 steterat
952 2630 1070 2698 Medea
1091 2632 1173 2714 loco,
1196 2631 1323 2698 telluris
1346 2632 1454 2698 hiatus

706 2735 848 2802 finditur.
893 2737 1048 2802 attonitas
1071 2737 1207 2802 inclinat
1230 2737 1354 2802 cautior
1376 2756 1471 2802 sures

706 2846 739 2905 et
761 2861 898 2926 surgens
920 2837 1090 2906 ‘audimur'
1113 2841 1168 2921 ait,
1191 2837 1279 2908 ‘nam
1301 2846 1389 2906 terra
1410 2842 1591 2924 tremescit,

619 2961 671 3017 405
706 2944 846 3010 verbera
868 2943 1079 3032 plaudentum
1101 2951 1257 3012 resonant
1278 2945 1457 3032 perinane
1481 2965 1640 3028 sororum,

707 3048 804 3114 sibila
826 3049 967 3136 vipereis
990 3048 1118 3114 vibrant
1141 3048 1201 3114 suh
1226 3049 1379 3114 dentibus
1402 3069 1540 3135 angues.

707 3175 761 3218 res
783 3153 899 3219 melior
920 3159 1115 3240 tempusque
1138 3159 1248 3219 monet
1269 3152 1424 3220 redeatur
1447 3153 1489 3219 ad
1513 3152 1640 3220 urbem.

706 3262 782 3323 ante
805 3263 916 3324 tamen
938 3257 1037 3322 fluvio
1060 3277 1177 3344 corpus
1201 3262 1369 3344 mergatur
1391 3263 1424 3322 et
1446 3256 1567 3324 undis?

706 3360 792 3448 quod
815 3382 912 3447 maga
935 3360 1120 3447 digrediens
1141 3381 1219 3426 mox
1241 3360 1368 3448 perficit
1389 3366 1423 3426 et
1445 3362 1528 3448 petit
1551 3361 1676 3428 urbem.

619 3484 671 3540 470
794 3467 886 3532 exilit
908 3466 1035 3532 interea
1057 3471 1203 3531 tecturus
1226 3464 1361 3531 Lucifer
1382 3472 1471 3532 astra

705 3573 845 3659 puniceo
868 3575 1062 3658 praevectus
1086 3590 1170 3656 equo
1194 3571 1377 3656 rutilasque
1399 3571 1588 3658 minansque

706 3694 864 3742 concusso
887 3673 928 3739 da
952 3674 1040 3740 arina
1062 3672 1158 3739 iubar
1179 3672 1331 3739 diffundit
1351 3675 1384 3738 in
1408 3673 1521 3741 orbem

705 3779 898 3864 flammigeri
925 3798 1038 3843 roseas
1061 3776 1264 3864 praecedens
1289 3777 1366 3843 solis
1388 3777 1553 3846 habenas:

706 3888 861 3969 coeperat
883 3882 959 3947 aula
981 3881 1072 3947 ducis
1095 3881 1233 3968 strepitu
1256 3901 1410 3948 resonare
1434 3883 1600 3950 clientum.

618 4004 669 4059 475
704 3986 768 4052 iam
791 3985 946 4052 Phoebus
970 3984 1149 4050 scandebat
1172 4004 1274 4070 equos
1298 3990 1332 4050 et
1355 3986 1428 4051 luce
1454 3987 1594 4052 rubebat

705 4097 778 4177 post
799 4096 929 4156 noctem
953 4095 1090 4154 ventura
1112 4087 1193 4170 dies,
1215 4089 1280 4154 iam
1302 4094 1390 4154 tecta
1413 4089 1562 4156 Creontis

704 4193 837 4281 regibus
860 4193 1046 4280 implentur,
1069 4192 1134 4257 ism
1157 4192 1306 4278 proxima
1328 4192 1420 4279 virgo
1444 4193 1561 4258 marito

706 4298 839 4365 sederat
861 4302 895 4362 ct
917 4296 1045 4362 tabulas
1068 4296 1193 4362 calamo
1219 4295 1368 4362 sulcabat
1390 4295 1504 4372 Iason;

704 4399 911 4466 ‘conventum
933 4395 1151 4485 pactumque',
1175 4406 1271 4466 sonat
1293 4397 1433 4486 ‘signate
1456 4399 1617 4466 tabellas².

412 4627 462 4682 451
481 4645 564 4697 genus
581 4635 621 4682 est
638 4635 725 4680 vestm
741 4627 773 4678 N
785 4627 862 4678 11111111
880 4627 985 4690 laeana,
1003 4625 1211 4678 eorr.Bttcteler
1286 4627 1382 4680 dicabit
1398 4628 1433 4692 N,
1457 4645 1524 4681 corr.
1542 4629 1664 4682 Blthrem
1759 4629 1811 4684 453
1833 4640 1874 4686 cst
1895 4635 1965 4701 quod

309 4748 350 4784 me
368 4749 419 4784 non
438 4731 468 4782 N
481 4731 551 4795 (item
576 4731 667 4782 emim
689 4731 757 4796 quod
780 4729 820 4795 a),
844 4745 911 4780 corr.
926 4727 1007 4779 Dubn
1100 4724 1152 4782 451
1170 4699 1310 4796 abechias
1397 4729 1450 4784 460
1471 4733 1609 4800 tempsisti·
1627 4715 1712 4786 ablate
1730 4733 1784 4800 Nn,
1802 4735 1966 4788 cormDsdm

343 4816 393 4870 461
412 4814 536 4886 epatium]
549 4819 683 4885 strepitum
696 4817 823 4868 Bttcbcler
891 4811 944 4866 463
961 4830 1037 4866 aures
1056 4815 1162 4879 (ceca)
1180 4833 1199 4868 n
1268 4813 1320 4868 464
1332 4817 1434 4869 adimur
1449 4816 1477 4882 (u
1490 4819 1673 4884 superaddita)
1687 4838 1707 4871 11
1775 4819 1827 4873 469
1840 4823 1965 4891 magrian

343 4901 395 4956 475
416 4904 508 4955 ruebat
531 4903 564 4966 N,
590 4920 657 4954 corr.
673 4901 801 4954 Bs'tcbeler
891 4897 943 4951 479
964 4900 1125 4952 Couucctum
1143 4918 1162 4952 11
1237 4909 1331 4955 sonant
1353 4901 1458 4970 aignal†
1481 4904 1591 4957 tabellas
1614 4923 1679 4958 crac
1700 4907 1807 4974 repetita
1829 4917 1887 4962 ante
1908 4926 1964 4962 ver·

309 5007 366 5041 111111
382 4990 441 5054 Nn,
458 5007 525 5042 corr.
539 4989 667 5040 Bs's'cbeler

411 5209 464 5266 445
482 5209 539 5266 1116.
553 5216 576 5279 6,
589 5217 635 5266 696
653 5209 779 5266 homines
796 5209 826 5264 in
844 5211 941 5264 ventre
959 5208 1099 5266 necandos
1185 5211 1237 5267 446
1262 5212 1421 5282 71104011.
1440 5220 1465 5282 4,
1484 5218 1535 5268 612
1561 5217 1591 5270 et
1613 5215 1722 5270 nostras
1747 5213 1844 5271 audite
1868 5232 1964 5286 preces

343 5312 396 5368 448
416 5312 788 5383 1111141111111111111
805 5314 959 5370 Tartareae
1040 5314 1092 5370 449
1110 5314 1143 5380 cf.
1161 5314 1306 5380 01111491
1386 5316 1437 5372 462
1455 5333 1477 5370 v.
1490 5315 1581 5370 11111.
1594 5333 1617 5371 υ.
1636 5315 1731 5372 hiatus
1813 5319 1864 5374 471
1890 5317 1963 5388 Verg.

310 5415 379 5472 Aen.
393 5424 415 5484 7,
428 5425 476 5473 166
498 5422 664 5487 praevectus
686 5435 765 5488 equo.
804 5416 899 5471 Claud.
917 5423 1023 5484 36,122
1045 5417 1221 5474 Lucifer...
1246 5419 1353 5475 roranti
1378 5422 1544 5491 praevectus
1569 5437 1641 5488 equo
1732 5421 1784 5476 415
1808 5419 1964 5492 Vargulam.

310 5526 349 5584 10,
362 5525 409 5574 266
426 5519 555 5576 revoluta
572 5521 672 5578 ruebat
684 5521 815 5589 (rubebat
827 5521 876 5590 1²²)
892 5523 1004 5576 matura
1021 5520 1078 5576 iam
1096 5521 1157 5577 luce
1177 5522 1243 5579 dies.
1272 5524 1378 5578 1111111111.
1393 5533 1418 5594 4,
1432 5526 1592 5582 1261101101
1605 5527 1724 5580 venture
1742 5524 1804 5580 luce
1815 5524 1964 5582 rubebant.

313 5619 405 5683 Claud.
419 5639 440 5684 c.
453 5641 486 5684 m.
500 5630 568 5698 206
585 5627 657 5687 unde
675 5626 757 5688 rubet
776 5629 892 5686 ventura
911 5624 970 5685 dies
1039 5627 1090 5684 479
1109 5626 1207 5695 111116,
1221 5634 1273 5684 200
1290 5631 1404 5704 pactam
1423 5627 1603 5704 iunctamque
1621 5626 1734 5688 tabellis
1751 5627 1890 5700 castagna
