4538 6398
804 339 992 398 APPENDIX
1011 343 1160 400 XLIII-L

155 634 285 727 0347)
508 639 563 714 IL.
607 640 904 718 EPlTAPHlVM
931 644 1204 722 CONIVGALE
1231 648 1261 718 il
1289 647 1449 726 ΒΕΑΤΟ

256 775 465 852 EVGENIO
493 778 674 854 EDITVM
701 779 943 858 GLORIOSO
970 783 1155 859 DOMINO
1183 787 1549 867 RECCESVINTHO
1577 792 1703 869 REGI.

549 929 624 994 Rex
647 930 767 1016 legum,
791 953 850 996 rex
872 933 1007 1019 imperii,
1031 957 1090 999 rex
1114 935 1192 1000 iuris
1216 937 1355 1017 honesti,

550 1055 590 1098 en
614 1055 723 1098 coram
748 1040 781 1099 te
804 1042 869 1100 stat
892 1036 1054 1104 humanae
1078 1040 1187 1126 stirpis
1211 1042 1318 1128 origo;

550 1137 704 1204 distincta
727 1139 882 1225 gradibus
906 1143 983 1207 totis
1007 1149 1040 1207 et
1065 1145 1194 1210 nomine
1219 1150 1293 1209 toto

549 1242 748 1309 laetaturae
773 1250 923 1311 constare
948 1253 980 1311 te
1005 1245 1112 1313 iudice
1134 1255 1234 1328 certo,

497 1360 514 1415 5
549 1352 585 1409 ut
608 1345 693 1431 quod
717 1347 772 1412 lex
796 1369 890 1413 sacra
913 1349 971 1412 tali
994 1349 1035 1414 de
1059 1350 1204 1416 themate
1229 1360 1349 1433 narrat,

550 1450 671 1514 elatum
695 1458 860 1537 sceptrum
885 1455 1018 1519 terrenti
1042 1453 1158 1519 robore
1182 1455 1305 1519 firmet:

548 1551 705 1640 ‘quisquis
729 1556 872 1642 coniugii
896 1578 1017 1622 nexum
1042 1559 1231 1644 contingere
1256 1561 1393 1646 quaerit,

595 1658 767 1724 humanam
792 1660 927 1746 stirpem
951 1661 1012 1726 hae
1037 1663 1098 1727 sibi
1121 1663 1227 1727 forma
1250 1669 1357 1732 notet:

550 1763 597 1827 sia
621 1764 729 1830 clarus
752 1785 874 1850 genere
899 1772 969 1832 tots
992 1765 1032 1832 de
1057 1773 1148 1854 parte
1172 1767 1327 1845 manebit,

482 1883 514 1940 ιο
592 1867 747 1934 inmundo
771 1867 910 1933 mundus
934 1871 1092 1955 sanguine
1115 1891 1188 1935 eum
1211 1871 1320 1938 luerit.

549 1993 613 2036 non
638 1993 716 2058 ergo
739 1973 853 2058 iungat
876 1974 982 2038 vicina
1005 1975 1131 2060 origine
1154 1974 1269 2040 foedus
1378 2031 1382 2036 .

592 2077 647 2162 qui
671 2077 740 2141 vult
763 2077 877 2142 laetari
901 2078 999 2164 prolis
1022 2100 1133 2144 amore
1156 2079 1243 2166 pius.

549 2202 625 2245 narn
648 2181 675 2245 si
698 2181 857 2247 confinem
880 2181 978 2246 ducat
1000 2182 1040 2247 de
1064 2189 1151 2248 sorte
1175 2183 1329 2268 iugalem,

592 2285 719 2350 incestu
741 2286 829 2370 turpi
853 2287 1070 2351 commaculat
1093 2286 1240 2352 sobolem

482 2405 514 2459 15
551 2389 663 2474 sicque
686 2389 741 2474 qui
764 2389 1050 2455 inlustri'naturae
1073 2390 1146 2455 luae
1171 2389 1308 2471 refulsit,

593 2492 634 2557 ad
658 2493 811 2558 tenebras
834 2493 967 2558 sceleris
990 2493 1122 2558 sordida
1145 2494 1240 2579 culpa
1263 2494 1363 2559 trahit

549 2617 587 2660 ao
610 2617 687 2660 mox
711 2617 830 2662 censue
855 2596 959 2661 honor
982 2596 1117 2662 libertas
1141 2597 1245 2682 gloria
1268 2617 1390 2683 conpos

593 2699 689 2765 loedo
712 2700 804 2765 laesa
827 2707 898 2765 toro
923 2707 1041 2784 cuncta
1063 2700 1160 2765 simul
1182 2700 1332 2785 perient’.

721 2999 763 3073 L.
804 2999 997 3074 EVGENll
1024 2999 1085 3073 DE
1113 3000 1243 3074 SENE.

549 3147 689 3214 Aemula
712 3149 787 3234 quid
810 3172 921 3215 cesses
945 3152 1040 3216 finem
1064 3173 1240 3238 properare
1264 3157 1438 3216 senectus?

593 3273 635 3318 an
659 3259 693 3319 et
714 3255 746 3318 in
770 3254 832 3318 hoo
855 3255 941 3318 fesso
965 3276 1101 3341 corpore
1124 3256 1217 3340 pigra
1240 3256 1355 3319 venis?

550 3357 638 3422 solve
661 3379 776 3442 precor
798 3359 949 3423 miseram
974 3359 1031 3422 tali
1055 3358 1095 3423 de
1119 3379 1249 3422 earcere
1274 3359 1384 3439 vitam,

593 3482 680 3526 mors
703 3467 752 3526 est
774 3462 839 3526 iarn
864 3463 1003 3547 requies,
1028 3462 1140 3527 vivere
1162 3475 1271 3549 poena
1294 3462 1381 3526 mihi.

497 3581 514 3634 5
550 3586 614 3628 non
640 3585 710 3629 sum
734 3565 787 3651 qul
810 3565 953 3630 luerem:
980 3565 1077 3652 periit
1099 3586 1175 3651 pars
1198 3567 1341 3630 maxima
1365 3569 1476 3644 nostri,

593 3669 654 3734 hoc
678 3689 806 3755 quoque
832 3669 918 3755 quod
943 3675 1101 3755 superest,
1125 3669 1239 3755 langor
1262 3675 1295 3734 et
1310 3669 1550 3736 horror'habet.

159 3801 570 3819 Μ

257 3905 316 3974 [lt]
354 3909 382 3959 Ε
399 3911 585 3978 (scorialeasis)
609 3913 641 3963 M
657 3913 743 3980 111,a
768 3916 816 3981 sot.
837 3919 870 3965 lv
892 3914 1005 3966 oereibrss
1027 3932 1080 3964 aaa
1107 3912 1232 3964 distinctis
1257 3911 1332 3980 (milri
1353 3913 1459 3964 contulit
1481 3913 1516 3964 H.
1534 3912 1679 3978 Plenkers).
1710 3929 1741 3964 cx
1759 3912 1812 3962 atio

153 3991 239 4044 codice
258 3995 386 4046 Antonius
404 3999 598 4066 blotinassu.
616 4001 635 4051 1
652 4005 703 4054 332
725 4001 842 4052 lebuine
867 4001 962 4052 dioitra
988 4001 1100 4067 adipata,
1123 4017 1167 4066 epo
1193 4017 1245 4051 non
1267 4000 1359 4051 inveni.
1396 3999 1511 4066 Miqaius
1529 3999 1589 4050 iada
1608 4017 1625 4048 a
1643 4003 1697 4050 a?
1719 4015 1813 4050 novum

153 4079 218 4143 sarit
241 4081 352 4146 incipere
375 4102 479 4137 carmen
566 4090 601 4139 tit.
621 4091 650 4140 ln
669 4090 772 4141 nomina
790 4090 833 4140 (1ιῖ1
853 4090 943 4156 incipit
965 4089 1107 4155 spitauium
1124 4086 1152 4152 (n
1176 4084 1369 4147 insacratis*
1434 4087 1579 4138 recesuinto
1593 4085 1619 4136 Ε
1690 4085 1700 4136 1
1722 4102 1812 4152 regum

155 4163 241 4231 Μὶφιι
306 4171 616 4236 iuris(·risiaras.)1s'
716 4174 800 4226 3om.
819 4175 908 4242 Mipne
995 4173 1338 4240 roris(-rimansres.)1‹1
1439 4170 1583 4224 lineretur
1600 4191 1658 4240 eya,
1676 4174 1771 4225 letetur
1788 4173 1816 4223 E

154 4249 242 4318 Minna
312 4257 414 4309 uindice
440 4259 479 4308 Ε1
575 4261 703 4314 oromate
722 4261 750 4312 Ε
832 4260 925 4314 natal
954 4262 1046 4328 tectura·
1064 4261 1162 4312 rdrllron
1181 4260 1215 4324 E,
1240 4260 1333 4312 ldilion
1354 4260 1523 4326 praescripsit
1548 4260 1636 4327 Miqne
1733 4258 1813 4310 10111

153 4341 393 4409 mundandique,
412 4347 481 4410 qrsod
498 4348 668 4414 aoliissapsra
686 4349 870 4400 cummanobit
941 4349 971 4400 ll
991 4347 1311 4414 vicinssboriginoeoai.
1326 4347 1420 4414 Miqrse,
1439 4350 1548 4414 atefio.
1562 4353 1591 4399 15
1663 4345 1694 4397 13
1713 4363 1762 4396 om.
1776 4346 1812 4396 E¹

153 4425 215 4478 add.
228 4444 298 4480 moa.
306 4433 435 4495 posterior
452 4451 517 4485 saec.
532 4433 613 4484 XIII
626 4435 653 4486 in
670 4436 787 4502 maryina
860 4435 890 4487 15
909 4445 936 4486 ut
956 4434 987 4487 13
1057 4457 1077 4514 q
1094 4434 1123 4498 (i.
1136 4434 1194 4501 qui)
1206 4433 1233 4484 Ε
1243 4450 1341 4500 marqo,
1358 4435 1426 4501 qnod
1441 4434 1542 4500 Miqnar
1560 4433 1592 4485 da
1610 4433 1683 4484 him
1700 4434 1736 4498 cs.
1748 4449 1771 4486 a.
1784 4437 1814 4483 11

190 4513 222 4564 15
240 4523 350 4568 naturas
371 4519 467 4586 Mass,
485 4514 502 4572 li
520 4521 548 4572 Ε
635 4520 665 4572 16
683 4522 779 4589 culpati
798 4525 877 4588 (sorr.
896 4523 924 4574 ia
941 4522 1018 4589 culpa
1037 4522 1117 4573 trahit
1134 4538 1203 4572 maa.
1217 4518 1297 4585 post.)
1312 4519 1339 4569 Ε
1426 4518 1457 4571 l'l
1475 4529 1504 4570 at
1524 4518 1555 4571 13
1624 4521 1664 4571 Aa
1681 4535 1734 4585 eqo,
1755 4519 1813 4570 Hac

154 4600 181 4650 Ε
196 4617 286 4668 maryo
304 4612 327 4654 et
344 4604 432 4671 Mipas
500 4609 596 4674 gloriae
614 4607 643 4658 Ε

258 4739 290 4808 [1,
308 4751 332 4793 et
350 4741 399 4806 tl]
436 4746 461 4796 Ρ
469 4747 518 4813 sol.
533 4752 593 4800 119Υ
604 4747 722 4810 (eosrtalit
735 4748 838 4813 Peiper‚·
855 4748 934 4800 edidit
953 4748 992 4800 De
1005 4747 1088 4810 Bassi,
1107 4747 1185 4798 iasar.
1197 4745 1283 4797 christ.
1299 4745 1372 4796 Roas.
1386 4743 1422 4794 11
1426 4761 1455 4810 p.
1468 4747 1519 4794 937
1529 4761 1556 4794 a.
1570 4745 1611 4807 19)
1693 4738 1736 4808 [L]
1752 4751 1815 4800 ,sans

154 4843 241 4879 uersas
268 4829 425 4882 Maximiani
441 4831 473 4894 (Ι
488 4835 581 4898 1-6),
599 4836 634 4899 cs.
657 4833 765 4898 tiarae,
784 4833 875 4886 Basia
893 4835 1020 4898 Mms48,
1039 4837 1109 4894 1393,
1128 4837 1253 4898 asanaa,
1269 4847 1374 4896 eumpse
1396 4830 1450 4880 sias
1469 4829 1570 4880 nomine
1593 4828 1733 4878 traduntur
1759 4828 1814 4878 lic

155 4933 241 4967 seram
257 4917 307 4967 soli
330 4917 358 4968 ia
375 4919 449 4970 codd.
460 4937 479 4986 p
492 4921 614 4973 Parisino
633 4926 697 4974 8319
714 4939 779 4973 saec.
792 4921 875 4986 XIX!
888 4931 944 4988 sty
965 4922 1105 4974 Gaddiaao
1129 4925 1171 4980 90,
1185 4923 1216 4972 39
1234 4935 1300 4970 saec.
1315 4916 1466 4980 XIIJXIII
1481 4915 1513 4980 (a.
1534 4915 1668 4966 Baetrem
1683 4923 1749 4979 past.
1769 4915 1813 4965 lat.

154 5003 214 5052 min·
229 5001 290 5069 Vp.
306 5005 372 5070 315),
395 5023 458 5071 qaas
476 5023 506 5057 ra
524 5009 595 5073 scats
613 5007 707 5059 codicis
725 5007 750 5058 Ρ
766 5025 818 5060 esse
836 5009 975 5073 descriptas
996 5008 1109 5058 variatas
1127 5005 1265 5056 lectionum
1283 5003 1431 5070 comprobat
1519 5001 1531 5051 1
1558 5001 1647 5052 tardae
1665 5006 1772 5051 mortem
1791 5000 1816 5051 P

188 5090 205 5142 2
232 5093 273 5141 An
299 5091 369 5157 Ppy,
397 5095 450 5144 Cur
478 5093 585 5146 Maxim.
606 5095 680 5146 codd.
759 5096 808 5147 lroc
834 5097 901 5147 lasso
927 5095 1002 5147 codd.
1030 5093 1188 5144 Maximiani
1214 5100 1238 5143 et
1261 5109 1310 5157 pq,
1335 5091 1425 5141 effosso
1452 5088 1482 5148 P,
1509 5087 1578 5138 unde
1604 5089 1681 5138 effeto
1713 5085 1814 5138 arasa

189 5177 262 5244 pigra
281 5177 345 5244 qu,
363 5181 435 5231 tarda
454 5180 561 5231 Maxim.
575 5181 650 5232 codd.
746 5180 762 5232 l
781 5184 846 5234 Nam
866 5199 933 5234 mors
951 5189 991 5234 est
1008 5182 1110 5248 requies
1128 5179 1154 5231 P
1239 5177 1373 5230 tihsbsnt
1390 5175 1478 5242 optimi
1498 5173 1607 5225 Macrim.
1619 5173 1694 5225 codd.

259 5401 301 5471 [t]
339 5403 362 5456 1.
381 5403 397 5456 2
417 5403 490 5474 Eup.
507 5419 589 5458 earm.
604 5413 642 5471 11,
656 5411 692 5458 98
714 5421 763 5458 cur
781 5404 932 5473 properata
953 5400 1050 5456 venis?
1093 5400 1250 5454 Bostoona
1265 5407 1350 5464 1,1,9
1367 5394 1446 5452 venit
1466 5394 1540 5450 enim
1561 5397 1715 5465 properata
1733 5394 1815 5450 malis

156 5504 272 5575 inopina
297 5509 425 5562 senectus
510 5507 585 5578 Vera.
604 5509 670 5564 Ass.
690 5517 713 5573 5,
731 5516 778 5562 415
800 5505 971 5562 aemula...
996 5507 1133 5560 senectus.
1169 5511 1191 5570 5,
1204 5507 1254 5558 396
1276 5501 1387 5574 gelidus
1410 5499 1543 5556 tardante
1562 5499 1679 5554 senecta
1697 5497 1814 5570 sanguis

155 5608 242 5664 habet
259 5609 419 5680 frigentque
438 5613 539 5668 effetae
558 5611 587 5666 in
606 5629 720 5682 corpore
741 5610 811 5666 vires

257 5723 420 5771 semerom
438 5721 630 5779 Annrourssuu
648 5719 708 5770 XIV
723 5719 745 5770 1.
1571 5707 1606 5762 36
