4538 6398
408 450 471 514 1111)
963 447 1117 504 aventin
1135 447 1322 504 '1⁴0thth
1340 447 1505 506 EPISCOPI

410 621 587 704 ordinibus,
610 624 850 712 praetermissis
873 623 1052 711 seripturis,
1082 645 1163 709 quas
1186 623 1273 690 idem
1296 626 1436 690 virorum
1454 623 1680 690 sanctissimus
1703 646 1746 690 ex
1768 625 1881 692 ordine
1898 627 2066 708 tractarit,

408 726 539 794 adiutus
563 730 764 796 orationibus
786 729 904 794 vestris
931 729 1065 815 explere
1093 729 1215 794 cumei.
1260 728 1539 815 praefatiunculas
1567 749 1697 816 quoque
1726 729 1875 796 eiusdem
1898 730 2067 796 codicibus

409 839 628 900 consonantes
650 831 817 919 decerpsi,
848 852 930 917 ques
960 833 1058 898 etiam
1080 834 1113 897 in
1136 834 1245 919 capita
1266 832 1422 898 librorum
1445 833 1636 920 praeposui,
1665 839 1826 919 qnatenus
1849 833 1919 920 ipse
1943 834 2008 900 sibi
2032 835 2068 900 in

407 937 474 1004 seis
510 941 728 1022 anteponatur
761 935 899 1022 eloquiis
943 937 998 1020 qui
1024 936 1186 1022 largiente
1219 937 1326 1023 gratia
1348 937 1471 1002 Christi
1504 937 1668 1022 copiosius
1697 936 1792 1002 nobis
1830 937 2068 1024 multiplicibus

408 1042 535 1108 exstitit
558 1040 683 1106 officiis.
726 1039 817 1126 ipsos
840 1038 941 1104 etism
970 1039 1101 1106 codices
1130 1040 1296 1107 laboriosa
1322 1040 1457 1106 nimium
1486 1040 1666 1106 intentione
1690 1041 1848 1106 collectos
1870 1040 2067 1126 prudentiae
2098 1065 2111 1104 a

408 1151 539 1212 vestrae
565 1144 665 1210 malui
690 1145 893 1210 committere
927 1144 1145 1226 contuendos,
1178 1147 1210 1210 in
1241 1143 1359 1232 quibus
1391 1146 1418 1210 si
1446 1145 1607 1232 quaedam
1643 1145 1857 1231 sagacissima
1890 1146 2068 1232 vestigatio

408 1253 518 1314 vestra
540 1249 721 1337 reppererit
742 1247 926 1314 inordinate
948 1251 1137 1336 composita,
1159 1271 1223 1314 non
1245 1257 1312 1314 tam
1334 1251 1565 1336 neglegentiae
1587 1250 1726 1335 culpam,
1756 1270 1853 1336 quam
1875 1252 2070 1317 necessitati

409 1351 586 1434 adscribat,
623 1353 700 1441 quia
732 1353 808 1418 dum
834 1354 983 1420 vehiculo
1017 1375 1140 1441 parrae
1168 1353 1344 1440 scaphulae
1381 1355 1474 1440 quasi
1507 1354 1692 1418 inmensum
1724 1354 1861 1440 pelagus
1899 1355 2069 1420 solitarius

409 1465 510 1524 nauta
524 1458 736 1545 navigaturus
753 1458 936 1544 aggredior,
961 1480 1035 1523 cum
1050 1457 1201 1524 maximis
1217 1458 1464 1525 difficultatibus
1486 1459 1638 1524 latissimi
1661 1461 1813 1543 aequeris
1836 1459 1931 1524 haim
1954 1461 2066 1548 spatia

371 1599 374 1606 ·
411 1564 610 1631 transmeavi
634 1563 834 1650 tandemque
858 1563 898 1628 ad
921 1569 1065 1650 optatam
1088 1563 1235 1650 requiem
1259 1563 1388 1630 Christo
1411 1565 1616 1651 gubernante
1637 1565 1782 1651 perveni.
2087 1589 2115 1630 rs

515 1691 567 1748 eu,
590 1668 844 1756 prudentissime
861 1671 1013 1747 virorum,
1036 1675 1073 1734 ut
1091 1689 1261 1734 causarum
1285 1670 1418 1736 ordines
1439 1669 1629 1755 singillatim
1644 1671 1910 1757 perstringerem,
1932 1668 2068 1734 modum

411 1775 582 1841 breuitatis
605 1774 752 1853 excessi,
786 1774 880 1860 quie,
913 1781 950 1838 ut
973 1775 1020 1838 ait
1042 1773 1173 1860 quidam
1197 1774 1418 1852 doctissimus,
1449 1774 1526 1839 dum
1549 1775 1641 1860 figuli
1663 1781 1736 1839 rote
1759 1780 1909 1839 currente
1932 1793 2070 1838 urceum

411 1880 520 1945 facere
556 1880 652 1960 nitor,
686 1878 876 1965 amphoram
911 1878 1005 1944 finxit
1038 1900 1166 1946 manus.
1212 1886 1264 1944 est
1302 1901 1364 1966 ego
1398 1879 1475 1944 dum
1503 1880 1638 1944 brevem
1667 1880 1832 1965 pagellam
1860 1877 2071 1943 conscribere

411 1983 526 2063 malui,
557 1983 704 2048 libellum
729 2003 844 2048 manus
866 1981 997 2046 indocta
1020 1984 1213 2069 compesuit.
1259 1983 1395 2049 obsecro
1418 1985 1519 2070 igitur
1541 1990 1588 2064 te,
1622 1985 1763 2050 virorum
1786 1983 2006 2060 sanctissime,
2036 1988 2071 2047 et

413 2109 527 2154 omnes
550 2087 666 2173 quibus
700 2087 796 2152 huius
832 2086 941 2173 operis
971 2087 1070 2154 lectio
1103 2109 1168 2153 non
1193 2088 1410 2174 displicuerit,
1439 2095 1475 2154 ut
1497 2089 1558 2153 hos
1582 2087 1711 2154 libellos
1734 2090 1825 2153 velut
1851 2087 1916 2152 duo
1943 2087 2071 2150 minuta
2091 2109 2117 2150 rs

214 2194 446 2260 ausarensis
475 2192 708 2278 gazophylacio
742 2193 857 2279 templi
892 2192 1014 2257 domini
1049 2193 1219 2258 conlocare
1249 2191 1428 2277 dignemini
1464 2214 1502 2257 ac
1532 2215 1591 2279 pro
1624 2193 1707 2257 meis
1739 2189 1911 2256 abluendis
1938 2189 2070 2255 delictis

412 2297 564 2384 pervigili
587 2297 767 2362 intentione
791 2297 862 2362 eius
885 2297 1138 2362 misericordiam
1162 2297 1341 2382 deprecare
1367 2317 1432 2362 non
1456 2297 1688 2382 dedignemini,
1711 2304 1748 2360 ut
1771 2295 1914 2362 acterius
1935 2301 2070 2381 ereptus

412 2401 571 2468 incendiis
599 2402 806 2488 sempiternis
842 2402 940 2467 solari
970 2423 1098 2468 merear
1132 2402 1319 2487 refrigeriis.
1372 2403 1460 2484 vale,
1491 2403 1536 2466 mi
1568 2401 1767 2466 venerabilis
1794 2422 1832 2465 ec
1862 2400 2071 2466 sanctissime

413 2505 553 2571 domine.

517 2753 530 2806 1
551 2755 618 2806 idem
637 2753 723 2818 Bisee,
744 2755 823 2808 isdem
847 2753 872 2803 T
886 2753 1022 2819 Balusius,
1040 2754 1138 2805 hisdem
1151 2751 1185 2802 Μ
1251 2751 1370 2819 bospite
1387 2751 1422 2802 Μ
1486 2748 1709 2818 danteponantur
1727 2751 1752 2800 T
1815 2751 1933 2817 copiosus
1945 2750 2075 2800 Bulsinius

450 2839 593 2908 treperiet
607 2837 655 2906 (T)
725 2841 883 2892 necessitatis
896 2839 1023 2891 Betucius
1092 2839 1233 2907 8seapule
1247 2839 1311 2902 MT,
1330 2839 1452 2890 scabulae
1469 2838 1596 2888 Belraius
1666 2837 1862 2890 soliciterius'T
1927 2834 1962 2887 10
1978 2837 2075 2888 litteris

418 2930 532 2995 requiem
545 2927 679 2988 Betucius,
698 2927 886 2993 sortassereete
961 2925 992 2978 11
1010 2927 1142 2994 sigillatim
1160 2927 1287 2978 Betucius
1355 2927 1553 2993 prestringsrsm
1567 2925 1600 2976 Μ
1668 2923 1700 2976 12
1718 2926 1778 2992 quia
1791 2925 1829 2990 Μ,
1846 2921 1933 2990 1111)
1945 2925 2076 2976 Betucius

448 3015 524 3083 fugili
550 3013 575 3064 T
669 3011 702 3066 13
726 3015 793 3065 nitor
810 3013 874 3076 ΜΤ,
904 3015 969 3066 nitet
986 3014 1014 3064 iu
1031 3021 1161 3076 eeateatu,
1186 3015 1277 3066 nititur
1300 3015 1328 3065 iu
1351 3014 1469 3080 margine
1495 3013 1622 3064 Betucius
1708 3020 1749 3062 ast
1771 3028 1819 3078 ego
1841 3009 1976 3074 Betucius,
1999 3013 2076 3064 adest

413 3119 475 3170 ergo
494 3102 531 3161 Μ,
550 3101 670 3169 udstergo
694 3100 719 3151 Τ
813 3099 846 3152 15
872 3117 942 3152 nune
965 3101 1125 3168 displicuerit
1143 3102 1177 3152 M
1197 3110 1222 3152 et
1243 3103 1271 3152 irs
1289 3109 1406 3154 cantatu
1427 3100 1562 3161 Betucius,
1585 3117 1637 3150 non
1655 3100 1679 3150 d.
1697 3095 1747 3164 (T)
1765 3097 1891 3148 Betucius
1908 3099 2076 3172 iahsrerpiue

451 3187 484 3242 16
501 3187 675 3256 gazophilatio
695 3188 731 3252 Μ,
750 3187 903 3254 gazofilacia
927 3186 1158 3255 Zgazophylacia
1176 3187 1301 3238 Betucius
1390 3183 1421 3236 ll
1440 3204 1474 3238 no
1497 3187 1521 3236 Τ
1604 3185 1636 3236 19
1653 3187 1736 3237 Amen
1755 3185 1856 3236 ceusu
1878 3184 1933 3235 ΤΜ
1975 3223 1982 3236 .

525 3411 557 3466 12
574 3411 611 3478 es.
623 3410 692 3465 Her.
705 3426 751 3464 era
759 3415 828 3480 pert.
842 3417 872 3465 21
890 3411 1027 3481 amphora
1045 3409 1140 3482 coepit
1158 3409 1281 3466 institui:
1301 3413 1429 3465 sumente
1441 3411 1504 3464 rota
1523 3427 1571 3464 eur
1583 3425 1682 3465 urceus
1691 3407 1757 3463 exit.
1782 3413 1943 3462 cumteraeu
1954 3407 2078 3463 Brautio

412 3533 441 3586 p.
454 3525 512 3582 286,
529 3523 559 3572 12
577 3515 654 3568 rebus
672 3517 697 3568 ct
714 3515 772 3584 ipse
785 3514 945 3584 1011111111
964 3513 1054 3570 eedem
1067 3519 1153 3584 portu
1170 3514 1260 3580 acrba,
1281 3519 1392 3583 aerque
1409 3513 1513 3567 uouisse
1530 3511 1633 3567 uidetur
1646 3512 1814 3582 pruurtrirm
1832 3528 1851 3564 a
1867 3511 1953 3566 nucia
1970 3528 2025 3580 quo
2042 3529 2079 3566 ece

416 3619 530 3676 Horatii
546 3636 624 3675 uersu
640 3617 770 3674 (1110111111
788 3623 812 3674 et
831 3619 959 3673 trochaeis
976 3619 1107 3672 indutum
1126 3619 1207 3688 quate
1225 3635 1337 3673 urceum
1356 3619 1421 3672 dum
1444 3618 1536 3674 facere
1560 3616 1648 3684 nitor,
1667 3617 1831 3686 amphoram
1854 3615 1937 3670 linxit
1965 3634 2078 3672 manus.

449 3725 513 3780 freae
529 3724 696 3792 scripseram,
714 3739 768 3778 ecee
789 3723 895 3777 Troade
912 3721 1052 3778 adiuverit
1076 3723 1142 3777 tooos
1160 3722 1208 3792 qui
1226 3727 1368 3776 armatur:
1394 3722 1508 3776 Brautio
1532 3721 1606 3792 epist.
1625 3729 1659 3776 44
1682 3721 1790 3792 (Mipue
1809 3728 1853 3788 80,
1866 3721 1952 3788 6091)
1978 3724 2017 3784 et,
2043 3725 2080 3776 nt

417 3828 460 3885 ait
479 3828 601 3898 quidam,
621 3829 687 3884 dum
705 3846 819 3884 urceum
831 3827 923 3883 facere
940 3827 1022 3890 nitor,
1041 3826 1204 3898 amphoram
1224 3827 1306 3882 finxit
1318 3844 1423 3882 manus.
1451 3826 1527 3896 epist.
1542 3834 1570 3880 11
1584 3825 1660 3894 (ibid.
1669 3842 1698 3894 p.
1713 3823 1802 3893 668⁸)
1820 3842 1862 3890 en,
1882 3823 1948 3878 dum
1960 3842 2079 3880 urceum

418 3933 522 4001 fingere
546 3931 625 3998 volo,
651 3935 684 3987 ut
711 3932 753 3986 ait
776 3931 973 3998 Terentius,
1003 3932 1168 4002 amphoram
1201 3930 1283 3986 finxit
1308 3948 1416 3986 manus.
1463 3930 1578 3984 Hieros.
1596 3929 1670 3998 epist.
1692 3935 1749 3994 107,
1764 3934 1781 3984 3
1802 3928 1908 3997 (ltfipae
1925 3935 1957 3982 22
1978 3945 2007 3996 p.
2024 3935 2082 3985 680

424 4035 504 4102 Vult.)
531 4053 621 4104 paene
646 4035 741 4105 lapsus
767 4053 828 4090 sum
851 4035 888 4090 ad
906 4035 991 4090 aliam
1010 4034 1157 4090 materiem
1182 4037 1212 4091 et
1230 4038 1357 4090 currente
1378 4037 1442 4089 rota
1460 4034 1525 4088 dum
1548 4051 1661 4088 urceum
1679 4033 1771 4088 facere
1790 4030 1892 4102 cogito,
1910 4031 2081 4102 amphoram

416 4141 498 4200 tinxit
515 4161 620 4200 manus.
656 4159 758 4198 aereum
776 4144 868 4212 1911111,
886 4144 933 4212 qui
950 4161 1007 4198 uou
1034 4149 1070 4198 est
1090 4144 1198 4198 Terenti
1215 4159 1300 4212 usque
1318 4143 1402 4196 attius
1416 4141 1501 4211 prisci
1514 4127 1613 4210 made,
1631 4155 1663 4195 ra
1681 4139 1858 4210 Hierouprrre,
1881 4138 1929 4208 qui
1945 4143 2016 4192 recte
2034 4153 2083 4191 ra-

415 4250 512 4320 pressit
524 4248 626 4304 Hereti
639 4264 753 4312 seruarc,
771 4247 848 4302 uerba
864 4265 921 4302 aaa
938 4249 1007 4316 item,
1024 4247 1105 4316 fiuxit
1119 4253 1199 4318 poete
1211 4249 1297 4302 uuae
1315 4249 1375 4315 quis
1388 4245 1561 4312 cirratiauus,
1578 4262 1597 4298 a
1615 4260 1669 4312 quo
1680 4248 1852 4312 sumpserant
1867 4240 1991 4312 Hispani
2006 4241 2083 4306 salso

418 4359 532 4422 uterque
550 4353 741 4421 interpretetus
758 4350 790 4406 ete
807 4352 1004 4423 maguitudiuis
1020 4351 1172 4407 discrimine
1256 4351 1287 4406 18
1306 4351 1408 4418 causat
1431 4349 1535 4404 Traube
1552 4348 1668 4402 eiusdeu
1688 4347 1799 4402 Teieuu
1811 4346 1902 4416 praes.
1916 4344 1954 4398 ad
1972 4344 2080 4414 (latria.

419 4457 514 4526 Mipue
534 4455 663 4526 80,7301³
681 4459 819 4527 quatenus
838 4455 1007 4516 infernorum
1025 4456 1133 4528 ignium
1153 4473 1262 4511 oeream
1281 4454 1430 4526 suppliciis
1449 4457 1478 4510 et
1491 4495 1497 4508 .
1511 4493 1537 4508 ..
1556 4451 1679 4508 aeternis
1696 4450 1782 4507 solari
1799 4468 1906 4506 merear
1921 4449 2082 4520 refrigeriis

455 4563 489 4618 20
506 4566 620 4616 cetuuru
633 4559 820 4615 adnotandum
838 4576 889 4614 aas
901 4559 994 4613 labere
1011 4559 1087 4614 iliius
1103 4559 1214 4614 Teieuis
1225 4559 1320 4627 opaea,
1337 4559 1369 4614 de
1386 4575 1439 4627 queo
1450 4558 1506 4626 apsi
1517 4557 1634 4624 epistota,
1650 4555 1832 4609 receasiouerr
1848 4553 1890 4607 ort
1899 4553 2085 4622 apographon

423 4665 655 4736 Caesaraugustae
667 4669 782 4732 tempore
794 4663 924 4717 tumultus
935 4662 1083 4716 Vasconum
1095 4662 1213 4728 (aetum
1224 4665 1288 4715 suat
1300 4659 1457 4716 sententiae
1470 4658 1558 4712 editae
1569 4674 1587 4710 a
1602 4655 1725 4710 Florasie
1735 4657 1864 4724 (Espeae
1874 4669 1947 4722 supr:
1964 4653 2088 4710 XXXI

415 4785 446 4837 p.
459 4775 600 4835 arr-544,
618 4765 681 4820 iude
701 4765 798 4835 Mipue
815 4773 857 4830 80,
877 4765 1038 4830 717-0901;
1063 4763 1128 4816 Teio
1146 4763 1255 4831 Qreirieo
1272 4761 1406 4830 legendum
1422 4762 1537 4827 1111111111,
1554 4765 1615 4828 post
1633 4759 1750 4827 repetiuit
1768 4759 2043 4829 (atqueatoue)
