4568 6396
331 403 372 460 lv
1056 403 1270 460 PRAEFATIO.

329 577 538 646 Merobaudis
565 579 700 664 caepisse
731 600 753 644 a
776 577 983 662 pancayricis
1011 575 1184 643 maioribus
1216 581 1253 641 nt
1283 575 1498 645 Claudianum
1528 577 1678 644 maiorem
1710 598 1801 661 quem
1839 577 1994 658 dicebant,

327 683 528 758 continuasse
550 684 696 749 camnine
717 681 854 766 minora,
876 681 991 747 emisse
1011 682 1049 746 in
1065 681 1226 763 moceria.
1271 680 1354 764 qued
1380 681 1410 746 si
1430 699 1538 746 acrum
1558 684 1617 760 est,
1639 685 1747 748 sectus
1763 681 1873 763 potins
1895 701 1993 763 qnam

329 784 469 850 animm
490 785 565 850 olim
585 784 651 866 snit
671 783 725 850 ille
747 786 828 852 alta
842 785 1018 868 quaternio.
1054 787 1148 866 atque
1162 783 1240 850 adeo
1250 785 1355 867 pctmt
1376 785 1412 848 in
1430 784 1567 868 einaulis
1582 784 1733 867 partibus
1753 785 1876 851 seruari
1893 785 1994 852 serien

329 893 509 970 temporum,
531 889 686 955 nimirum
707 893 743 954 ut
763 891 848 956 inter
855 889 1065 974 paneayricos
1087 887 1139 954 ille
1159 887 1339 972 deperditae
1359 890 1395 954 iu
1410 890 1554 970 primum
1567 888 1656 954 Aelii
1670 888 1867 954 emundatum
1890 889 1991 954 man

328 991 455 1057 baberet
483 996 557 1057 ante
585 1012 655 1056 eum
683 1012 772 1074 quem
800 996 950 1072 mnemm,
977 993 1034 1075 qni
1063 992 1189 1056 tertium
1217 992 1351 1058 celebrat
1372 992 1581 1070 emendatum,
1607 1011 1704 1075 aeque
1731 1011 1769 1058 ac
1793 1011 1880 1058 nune
1906 993 1992 1058 iuter

328 1093 473 1160 camnine
494 1095 620 1160 minora
635 1095 779 1176 nmmum
806 1099 836 1160 et
856 1094 1040 1173 seeundum,
1062 1114 1143 1176 quae
1164 1097 1240 1160 sunt
1260 1116 1292 1160 a.
1308 1097 1373 1160 439
1395 1095 1442 1160 uel
1463 1097 1542 1174 440,
1563 1095 1714 1178 meantem
1733 1099 1807 1160 ante
1829 1099 1990 1178 quartum,

325 1196 412 1278 quod
427 1200 616 1278 potestesse
638 1217 669 1264 a.
685 1201 759 1276 440,
782 1217 973 1281 quamquam
995 1217 1060 1264 nen
1081 1217 1158 1283 neco
1178 1200 1288 1265 aurito
1309 1200 1453 1265 munina
1475 1219 1556 1282 quae
1577 1202 1653 1265 cunt
1673 1198 1711 1265 de
1732 1198 1821 1264 doure
1841 1198 1991 1283 Auaueta

326 1299 506 1365 antecedere
527 1301 673 1368 Aeliano.

430 1402 529 1468 edidit
548 1405 703 1487 reliquias
725 1423 806 1488 quas
823 1404 1014 1471 Merobandi
1027 1407 1197 1472 rectissimo
1221 1405 1338 1471 iudicio
1357 1405 1530 1471 vindicarit
1544 1406 1672 1487 primus
1694 1405 1736 1472 B.
1755 1404 1796 1472 G.
1812 1405 1991 1471 Niebuhr

322 1505 375 1589 (S.
394 1504 486 1572 Galli
510 1508 622 1592 1823),
649 1529 743 1592 quam
766 1508 932 1574 editionem
954 1528 1040 1575 armo
1058 1513 1129 1591 pest
1150 1509 1278 1575 iteraret
1304 1509 1457 1591 (Bennae
1479 1509 1589 1589 1824),
1618 1509 1709 1574 cuine
1730 1509 1806 1574 libri
1826 1527 1991 1575 censuram

323 1610 511 1692 consempsit
538 1608 578 1676 P.
600 1608 776 1694 Hofman
805 1610 1030 1692 Peerlkamp
1056 1612 1146 1694 (bibl.
1167 1613 1237 1678 crit.
1263 1631 1333 1679 nav.
1358 1612 1402 1678 11
1426 1614 1511 1678 1826
1531 1633 1567 1694 p.
1585 1610 1791 1700 105-111).
1845 1603 1991 1694 repetivit

325 1711 492 1778 editionem
520 1713 569 1780 W.
585 1711 627 1780 E.
647 1712 771 1780 Weber
786 1719 884 1798 (corp.
894 1718 977 1796 pact.
997 1715 1089 1779 latin.
1106 1714 1316 1796 Francasnrti
1338 1716 1424 1779 1833
1439 1737 1475 1796 p.
1493 1719 1577 1780 1367
1584 1717 1676 1800 sqq),
1699 1717 1773 1781 item
1794 1716 1824 1782 1.
1841 1713 1990 1781 Belelrer

329 1818 404 1880 autc
422 1815 594 1897 Oem'rrpum
607 1813 993 1901 (Oerp.Script.Byecnt.
1022 1817 1160 1883 Bennue
1174 1819 1285 1903 1836).
1320 1818 1477 1904 symbolas
1491 1819 1618 1886 criticen
1636 1817 1670 1890 0.
1682 1818 1741 1884 Fr.
1755 1819 1796 1884 H
1796 1817 1991 1884 einricbii

327 1921 396 1986 suis
421 1921 540 1986 mixtae
561 1921 684 2003 publici
712 1923 795 1988 iuris
812 1921 891 2008 feeit
911 1923 970 1990 Fr.
987 1923 1212 1989 Hcimsaetb
1238 1921 1369 2007 (ereim
1389 1921 1524 2000 Mese,
1547 1925 1641 2001 1843,
1671 1921 1735 1986 531
1743 1924 1854 2003 -43),
1879 1942 1988 2006 pauca

323 2023 432 2107 attiait
452 2023 492 2088 Ε.
507 2022 713 2091 Bcebrens
734 2025 866 2109 (Rbein.
882 2025 971 2091 Mus.
986 2025 1039 2104 27,
1062 2026 1157 2104 1872,
1179 2024 1268 2107 225).

428 2127 582 2191 carminis
603 2125 774 2194 ebrictiam'
795 2128 964 2194 meuudum
989 2127 1028 2194 G.
1045 2128 1230 2195 Fabricium
1254 2148 1272 2194 e
1295 2127 1378 2194 libro
1401 2130 1533 2215 antiquo
1558 2148 1655 2215 quem
1678 2127 1721 2194 cd
1743 2149 1803 2194 nos
1826 2127 1989 2215 oporinus

324 2228 414 2296 misit
434 2227 625 2296 Merabcudi
647 2233 726 2296 reete
747 2235 783 2296 ut
803 2229 928 2297 videtur
949 2231 1104 2312 ademn‘reti
1125 2229 1183 2317 (ef
1203 2231 1290 2312 Jeep,
1314 2230 1376 2298 Iu.
1392 2229 1481 2298 Mne.
1496 2231 1549 2310 28,
1573 2233 1667 2312 1873,
1690 2233 1770 2317 301)
1791 2232 1871 2298 satis
1891 2231 1989 2298 babeo

188 2343 190 2346 ’
326 2331 378 2398 bic
397 2333 492 2398 verba
507 2352 575 2399 mem
591 2333 770 2400 &mumma
783 2339 945 2417 apparatu
960 2336 1068 2400 critico
1082 2337 1235 2417 repetere;
1254 2335 1357 2416 plura
1378 2335 1448 2401 aide
1468 2336 1505 2400 in
1526 2335 1654 2402 Birtii
1679 2335 1858 2404 Claudiana
1879 2335 1987 2419 (Mon.

329 2435 438 2503 Germ
453 2439 535 2504 auct.
552 2440 619 2502 ant.
635 2436 673 2502 X
686 2458 722 2519 p.
743 2437 889 2505 CLXXI
900 2440 930 2502 et
943 2439 1033 2522 411).
1071 2457 1140 2503 cum
1155 2437 1283 2515 ederem
1303 2457 1367 2503 nan
1382 2458 1496 2504 memor
1510 2458 1599 2504 eram
1613 2439 1636 2504 I
1638 2439 1718 2504 lumi
1724 2440 1750 2519 i,
1772 2439 1828 2523 qni
1851 2437 1988 2504 Pseuda-

326 2537 540 2608 Damacianis
561 2541 698 2606 inseruit
719 2545 767 2624 (n.
784 2543 826 2607 69
843 2563 878 2628 p.
895 2544 963 2626 71),
984 2541 1067 2606 nude
1076 2545 1184 2624 petere
1198 2541 1343 2606 debebam
1361 2541 1508 2607 addenda
1522 2543 1673 2624 exemplis
1687 2542 1985 2625 imitabimibusquc.

324 2641 364 2707 de
386 2641 452 2708 abio
478 2640 680 2708 Camertiane
701 2644 842 2709 carmine
871 2644 954 2726 quad
974 2643 1166 2710 Merobaudi
1191 2645 1280 2710 nulla
1309 2646 1378 2711 iure
1400 2645 1599 2728 imputabant
1619 2667 1647 2712 e.
1662 2646 1742 2713 Birt
1758 2668 1793 2732 p.
1813 2645 1984 2714 CLXXlI.
