4538 6398
399 385 466 451 286
953 377 1106 436 EVGENll
1125 374 1311 435 'l'OLE'l'ANl
1330 373 1494 432 EPlSCOPl

397 557 510 622 ficiunt
543 555 586 642 (si
626 563 737 622 mmen
767 555 909 621 chrisma
942 555 1028 620 istud
1060 556 1123 622 erit
1151 553 1411 636 nominandum),
1441 553 1626 640 baptizatos
1661 553 1791 639 signare
1825 557 2052 640 praesumunt.

396 661 494 740 bene,
516 660 632 741 iatecr,
656 665 690 726 et
712 659 833 745 optime
855 659 989 724 dubitas
1012 681 1076 724 non
1100 681 1175 726 esse
1199 659 1358 738 chrisma,
1386 657 1471 744 qnod
1494 679 1559 723 non
1583 656 1689 722 solum
1718 677 1784 722 non
1813 655 1855 721 ab
1878 657 2054 744 episcopis,

398 763 456 828 sed
473 769 588 829 contra
609 764 659 828 ius
683 769 717 828 et
732 763 869 829 vetitum
884 782 1043 828 cononum
1062 783 1082 827 a
1097 761 1398 850 praesumptoribus
1414 759 1617 847 presbyteris
1634 759 1861 827 videturesse
1877 769 2054 826 sacratum.

396 889 472 932 nam
507 869 535 932 si
558 867 711 933 caelestis
734 867 891 952 magister
923 873 957 932 et
986 865 1136 931 dominus
1159 867 1292 951 reliquit
1320 885 1414 930 suurn
1438 865 1602 952 episcopis
1626 866 1836 946 vicariatum,
1866 864 1951 951 quod
1974 885 2055 930 con·

181 981 313 1038 uespere
323 973 545 1036 cresciturum
568 971 610 1036 ab
639 971 704 1036 illis
735 977 800 1050 est,
835 991 856 1034 a
890 971 1005 1057 spiritu
1033 968 1154 1035 Christi
1182 969 1277 1034 iuxta
1303 967 1488 1054 apostolum
1521 969 1735 1034 constitutum
1759 977 1826 1046 est3
1861 975 1895 1034 et
1927 970 1956 1034 si
1980 970 2056 1055 quis
2087 989 2100 1028 s

312 1073 350 1135 13
396 1080 573 1163 praecepte
596 1095 709 1140 eorum
733 1077 872 1161 spernit,
907 1075 1028 1140 Christi
1051 1079 1229 1161 praecepta
1257 1073 1393 1160 spernit.
1441 1072 1529 1138 unde
1553 1073 1705 1139 ridentur
1731 1072 1812 1139 mibi
1841 1081 1996 1139 assueto
2021 1080 2057 1138 et

397 1199 475 1243 roro
509 1179 684 1244 chrismate
725 1177 834 1244 denuo
869 1179 1070 1266 praesignari
1109 1177 1230 1244 debere
1265 1177 1297 1242 hi
1337 1178 1392 1263 qui
1427 1198 1447 1242 a
1483 1177 1603 1242 talibus
1638 1183 1714 1242 sunt
1743 1179 1892 1264 peruncti
1928 1178 2056 1244 fraude.

397 1289 683 1368 praesumptorum
718 1289 829 1348 temen
861 1282 1034 1369 disciplina
1063 1283 1095 1347 in
1119 1287 1229 1347 vestro
1253 1287 1305 1347 cst
1327 1281 1461 1346 arbitrio
1482 1281 1605 1368 posita,
1634 1279 1711 1345 dum
1740 1282 1837 1347 aliter
1860 1279 2057 1347 emendetur

397 1406 488 1450 error
523 1391 621 1471 atque
657 1386 754 1452 aliter
787 1386 1023 1452 condemnetur
1053 1389 1291 1473 praesumptor.
1359 1385 1424 1449 iem
1453 1390 1584 1450 restrae
1618 1391 1670 1450 est
1697 1385 1879 1471 sapientiae
1917 1392 1951 1451 et
1978 1406 2055 1452 cum

396 1489 518 1574 ignaris
541 1489 651 1554 mitius
674 1510 774 1575 agere
797 1496 831 1556 et
853 1496 1122 1577 praesumptores
1145 1489 1361 1555 vehementer
1382 1487 1593 1574 distringere.
2074 1509 2102 1548 ro

500 1613 559 1678 pro
593 1592 775 1659 ineruditae
809 1592 1032 1681 inpedimento
1067 1594 1199 1679 linguae
1235 1592 1368 1658 brevem
1403 1593 1536 1658 evenire
1559 1593 1646 1657 volui
1675 1593 1839 1658 tramitem
1875 1594 2055 1680 epistolae;

397 1695 454 1760 sed
478 1702 515 1760 ut
538 1703 588 1761 est
611 1697 694 1763 illud
716 1699 776 1764 tibi
799 1705 926 1763 notum:
960 1696 1036 1762 dum
1059 1717 1193 1762 urceum
1215 1696 1325 1762 iacere
1348 1697 1448 1777 nitor,
1476 1696 1666 1784 omphoram
1696 1698 1789 1762 finxit
1817 1719 1941 1763 munus.
1987 1700 2056 1764 ianr

396 1819 483 1865 nunc
521 1801 661 1868 salutem
695 1803 848 1889 persolvo
876 1809 910 1867 et
933 1802 1113 1867 cotidianas
1136 1802 1304 1867 molestias
1327 1822 1418 1866 meas
1441 1801 1735 1888 tribulationesque
1757 1801 1907 1868 assiduas
1930 1804 2054 1868 cratio-

397 1902 493 1968 nibus
516 1906 634 1970 restris
668 1905 859 1971 commendo
881 1905 1040 1972 fovendas
1074 1911 1108 1971 et
1130 1926 1191 1992 per
1213 1903 1377 1970 Christum
1401 1911 1434 1969 te
1457 1905 1609 1988 coniuro,
1643 1910 1680 1970 ut
1713 1904 1868 1991 quidquid
1895 1906 2056 1972 inutiliter

396 2013 453 2073 aut
475 2029 571 2074 secus
594 2030 692 2095 quam
715 2009 817 2075 babet
839 2010 921 2074 ratio
944 2011 976 2074 in
999 2010 1062 2075 hac
1086 2009 1239 2096 paginola
1260 2010 1444 2096 reppereris
1468 2008 1623 2089 effusum,
1655 2029 1721 2074 non
1744 2015 1820 2074 ante
1843 2009 1915 2075 aliis
1938 2017 2055 2097 petest
2075 2029 2101 2066 ιθ

396 2131 492 2197 quam
526 2112 607 2176 mihi
640 2113 701 2178 hcc
732 2120 789 2179 tua
824 2114 965 2200 epistola
998 2114 1193 2179 innotescat.
1250 2133 1325 2178 nam
1361 2133 1468 2198 neque
1499 2111 1640 2198 spatium
1671 2113 1734 2178 iuit
1772 2113 1848 2178 inde
1887 2113 2056 2198 cogitandi

396 2235 503 2300 neque
530 2219 657 2283 vacatio
692 2217 851 2298 dictandi,
876 2225 909 2283 et
940 2218 1026 2304 quod
1058 2219 1170 2304 lingue
1199 2217 1399 2305 deprompsi,
1434 2217 1543 2282 aliena
1573 2237 1672 2282 manu
1702 2219 1854 2298 exarari,
1888 2237 1949 2283 nec
1978 2217 2057 2284 inde

397 2325 575 2386 retractare
599 2325 750 2388 occurrit.

1192 2564 1257 2633 111.

600 2707 767 2782 DOMNO
794 2708 894 2782 MEO
932 2699 1232 2784 Pitu'llsw
1268 2705 1499 2786 EPISCOPO
1526 2699 1846 2784 EVGENIVS.

502 2873 641 2939 Vestrae
670 2876 801 2962 pietatis
834 2878 966 2942 oracula
996 2877 1061 2941 lari
1096 2877 1268 2942 dulcedine
1302 2878 1455 2942 suaviora
1487 2877 1611 2963 ingenti
1644 2899 1696 2942 me
1731 2877 1838 2942 fateor
1870 2877 2056 2962 perlegisse
2075 2911 2102 2952 eo

399 2977 539 3050 laetitia3
574 2978 661 3044 unde
690 2981 789 3046 etiarn
821 2983 962 3046 creatori
985 2981 1117 3046 domino
1147 3003 1279 3068 precum
1311 2982 1416 3046 obtuli
1446 2989 1523 3046 rota
1554 2988 1688 3068 propter
1722 2988 1853 3046 restrae
1888 2981 2058 3047 facultatis

400 3089 587 3166 augmenta.
636 3083 729 3149 cuius
753 3085 839 3149 enim
863 3085 988 3168 anima,
1012 3085 1158 3170 quumvis
1182 3087 1224 3150 sit
1252 3085 1437 3171 sapientiae
1466 3085 1605 3170 privata,
1640 3091 1764 3149 tantam
1796 3085 1828 3148 in
1852 3093 1895 3168 te,
1926 3085 2057 3166 domne,

399 3205 464 3249 non
488 3193 574 3250 amet
597 3187 717 3252 amoris
733 3187 936 3270 industriam,
960 3211 1033 3254 cum
1057 3190 1098 3254 cb
1122 3210 1197 3254 arce
1221 3189 1383 3272 culminis,
1408 3211 1472 3274 qua
1495 3189 1644 3253 sublimis
1669 3189 1793 3256 emines
1816 3195 1849 3253 et
1872 3190 2058 3274 praecellis,
2116 3269 2118 3274 s

398 3289 438 3354 ad
462 3289 635 3354 emendum
657 3291 801 3356 infirmos
824 3299 856 3356 et
878 3293 982 3356 exiles
999 3293 1147 3358 ultronee
1164 3293 1367 3377 benignitate
1391 3289 1585 3357 descendis?
1620 3293 1770 3356 sincerae
1793 3293 1884 3376 pacis
1909 3293 2060 3358 conditor

398 3397 432 3456 et
461 3413 562 3480 purae
592 3393 776 3460 dilectionis
805 3401 932 3460 amator
960 3395 1042 3466 deus
1072 3395 1125 3460 dei
1155 3396 1242 3460 filius
1271 3395 1366 3460 Iesus
1395 3394 1543 3460 Christus
1574 3395 1644 3480 ipse
1675 3397 1707 3459 in
1737 3395 1829 3460 vobis
1859 3395 1942 3460 haec
1971 3395 2058 3462 bona
2076 3428 2104 3468 ss

398 3518 482 3582 quae
517 3499 654 3564 contulit
686 3501 836 3586 ampliet,
877 3501 947 3587 ipse
979 3499 1116 3565 inlibata
1145 3505 1304 3586 perpetus
1334 3500 1540 3585 perennitate
1575 3507 1755 3566 conservet.
1809 3507 1938 3566 vestrae
1968 3503 2057 3566 enirn

399 3599 596 3685 dignationis
620 3603 763 3689 alloquia
787 3605 832 3668 ita
854 3625 913 3668 nos
937 3603 978 3668 ad
1002 3625 1146 3668 amorem
1171 3603 1270 3668 vestri
1294 3625 1354 3690 per
1376 3603 1446 3668 dies
1470 3603 1616 3689 singulos
1638 3603 1783 3684 incitant,
1807 3611 1853 3683 ut,
1877 3605 2057 3694 sicutipse
2094 3611 2098 3616 ’

397 3703 458 3768 lari
486 3704 639 3790 dignatus
666 3729 716 3788 ee,
752 3729 813 3773 neo
847 3709 985 3794 exprimi
1018 3709 1126 3773 verbis
1162 3729 1223 3772 nec
1257 3709 1386 3772 exarari
1421 3708 1528 3771 velent
1563 3707 1767 3787 atramentis,
1802 3715 1959 3793 quantum
1996 3731 2057 3775 vos

399 3805 515 3872 reddat
546 3816 579 3873 et
612 3811 735 3875 animos
767 3811 959 3878 enarrantis.
1004 3832 1126 3896 quaero
1157 3832 1296 3897 namque
1328 3833 1365 3875 ac
1395 3831 1523 3875 meeum
1552 3831 1788 3896 saepenumero
1820 3815 1945 3897 cogito,
1977 3815 2057 3899 quid

399 3917 529 3976 restrae
557 3917 712 3998 potestati
742 3937 799 4002 pro
830 3922 923 3980 tanta
950 3917 1074 4001 possim
1107 3914 1289 4001 rependere
1319 3915 1478 3988 bonitate;
1514 3913 1571 3978 sed
1606 3915 1680 3999 quia
1716 3915 1795 3980 nihii
1828 3915 1966 4001 dignum¹
1997 3927 2057 3984 eut
2076 3947 2104 3986 so

399 4015 574 4099 aequabile
597 4017 691 4082 valeo
715 4020 875 4105 reperire,
907 4040 958 4083 me
989 4020 1093 4106 ipsum
1124 4019 1225 4083 offero
1255 4009 1424 4103 totumque
1456 4039 1508 4082 me
1538 4017 1578 4081 ob
1609 4016 1669 4081 boc
1699 4017 1891 4104 placabilem
1925 4030 2055 4106 reputo,

399 4119 475 4202 quie
498 4119 663 4203 granditer
684 4141 704 4186 a
727 4122 818 4186 vobis
841 4123 943 4186 amari
966 4123 1103 4189 conlido.
1149 4129 1226 4208 puto
1250 4123 1336 4186 enim
1373 4121 1460 4208 quod
1491 4143 1555 4185 non
1590 4121 1761 4208 displiceat
1781 4124 1898 4188 animis
1922 4128 2054 4208 restris,

400 4241 473 4284 cum
502 4221 534 4287 id
566 4223 686 4304 offero,
716 4225 801 4311 quod
835 4227 964 4292 amatis.
1004 4248 1078 4292 nam
1109 4225 1195 4313 quod
1225 4225 1366 4290 officium
1398 4225 1499 4289 nostri
1532 4225 1728 4289 sermunculi
1762 4227 1895 4292 iussioni
1923 4236 2056 4294 restrae

399 4345 515 4410 parere
545 4327 742 4412 conpellitis‚
778 4329 904 4394 sincere
927 4351 1032 4394 meam
1057 4329 1161 4394 fateor
1184 4329 1403 4412 voluntatem,
1433 4349 1497 4393 non
1522 4328 1627 4393 solum
1650 4328 1751 4393 verbo
1775 4331 1866 4394 robis
1891 4351 1942 4395 me
1967 4333 2056 4398 velle

399 4449 515 4514 perere
550 4430 608 4495 sed
641 4438 675 4496 et
708 4434 831 4510 animo;
865 4435 892 4499 si
926 4441 1036 4499 tamen
1071 4440 1200 4498 vestrae
1229 4434 1384 4498 orationis
1419 4432 1556 4498 obtentu
1589 4439 1623 4496 et
1653 4435 1719 4498 rita
1754 4440 1864 4498 nostra
1897 4439 2107 4512 meruerit„

502 4669 640 4726 2dubitas
659 4675 690 4740 L,
708 4677 840 4730 dubitatur
858 4677 886 4730 Ε
901 4678 959 4732 edd.
1046 4677 1202 4730 tividsntur
1219 4695 1273 4744 epo,
1290 4679 1393 4730 videtur
1411 4676 1463 4728 LE
1546 4675 1607 4728 'ilii
1626 4695 1675 4730 om.
1693 4678 1721 4728 E
1736 4679 1794 4733 edel.
1865 4680 1989 4730 clausula
2009 4683 2061 4733 crit

398 4759 515 4824 peruncti
538 4769 600 4812 sunt
622 4763 711 4814 fraude
800 4763 832 4815 12
854 4783 960 4816 urceum
982 4765 1050 4828 edd..
1074 4767 1171 4817 urcium
1195 4764 1247 4814 LE
1333 4763 1365 4814 15
1384 4763 1505 4815 clausula
1528 4764 1578 4814 erit
1600 4765 1710 4816 effusum
1733 4767 1873 4834 reppereris
1961 4765 1996 4819 16
2015 4777 2062 4820 tus

398 4861 465 4895 corr.
485 4845 512 4896 in
530 4855 576 4898 tua
594 4848 631 4910 L,
650 4857 694 4901 tue
713 4851 750 4914 Ε,
769 4851 861 4917 L(ege)
885 4860 930 4905 tus
947 4871 1037 4919 margo
1115 4853 1224 4919 epistula
1243 4869 1309 4902 corr.
1328 4853 1355 4902 ic
1374 4868 1400 4903 -a
1420 4851 1443 4901 L
1545 4849 1577 4902 li
1596 4852 1731 4918 depromisi
1750 4869 1818 4904 corr.
1833 4854 1860 4904 in
1878 4855 2008 4920 depromsi
2027 4854 2062 4921 L,

399 4935 544 5003 deprompsi
563 4936 595 5002 Ε,
613 4939 770 5009 deprompsit
786 4941 844 4993 edd.
934 4940 967 4994 18
984 4943 1084 4994 occurri
1104 4941 1136 5004 L,
1153 4959 1220 4993 corr.
1234 4939 1282 5006 (Ε)

507 5036 576 5107 [ΠΙ]
614 5043 672 5092 ΕΜ
738 5042 773 5096 22
790 5046 915 5112 sapientia
932 5047 991 5098 edd.
1078 5042 1112 5096 23
1129 5061 1188 5096 cum
1211 5045 1310 5112 scripsi,
1329 5061 1405 5112 qnam
1425 5044 1494 5108 ΕΜ,
1518 5046 1561 5096 oio
1583 5061 1635 5110 qua
1656 5043 1724 5108 ferri
1743 5052 1823 5110 potest
1915 5041 1950 5096 24
1975 5047 2063 5098 exiles

399 5126 717 5192 scriptoriolum
789 5133 922 5184 descendis
939 5133 1010 5196 cdd,
1036 5133 1148 5184 discendi
1172 5132 1232 5182 ΕΜ
1332 5131 1366 5184 25
1388 5133 1452 5184 deus
1475 5131 1538 5196 ΕΜ,
1562 5133 1682 5184 dominus
1703 5131 1761 5183 cdd.
1849 5133 1898 5196 hec
1923 5130 1955 5196 Ε,
1983 5141 2011 5185 st
2029 5134 2070 5186 M

434 5211 650 5278 tivernione,
670 5226 755 5279 vestre
775 5218 831 5282 ΕΜ
912 5217 948 5271 28
965 5219 1052 5272 ualeat
1070 5219 1165 5272 ooaM
1242 5216 1276 5270 29
1294 5235 1325 5270 ac
1344 5218 1381 5280 Μ,
1400 5219 1450 5271 bac
1468 5217 1501 5283 E,
1519 5225 1545 5270 et
1562 5218 1620 5272 cdd.
1702 5217 1735 5270 31
1754 5219 1828 5296 vulso
1846 5235 1899 5286 eqo,
1918 5219 2064 5272 rsletEM

434 5301 502 5352 valet
527 5304 631 5370 reperiri
649 5303 707 5358 edd.

507 5525 539 5578 12
558 5525 593 5590 cf.
612 5530 678 5579 noto
696 5525 894 5595 odp.290,12

506 5644 572 5720 [ΙΙΙ]
609 5647 643 5702 28
657 5662 709 5716 per
726 5647 845 5717 ambcpes
866 5646 931 5702 dicit
952 5647 1076 5716 epistolas
1094 5645 1218 5700 Protesii
1239 5646 1324 5715 ipsius
1346 5645 1458 5702 reddere
1482 5653 1507 5702 ct
1524 5647 1666 5718 imaginem
1689 5653 1714 5703 st
1737 5650 1842 5706 caimos
