4554 6396
927 376 1131 434 DRACONTII
1166 377 1214 434 DE
1234 375 1416 434 LAVDIBVS
1434 377 1495 432 DEI
1532 378 1544 432 Ι

819 554 932 621 usibus
955 554 1107 620 humenis
1131 552 1208 620 dete
1232 559 1307 620 sunt
1329 556 1412 622 haec
1436 561 1555 621 cuncto
1577 556 1700 639 venire,

819 668 857 726 ut
880 660 995 726 similis
1018 661 1073 746 qui
1097 660 1203 725 lectus
1227 665 1298 726 eret
1319 660 1361 726 de
1383 661 1519 748 pulvere
1545 659 1676 726 Christo

819 767 870 831 his
894 766 1116 832 dominaretur
1139 765 1272 847 cunctis,
1297 762 1358 831 sub
1382 787 1479 832 cerne
1503 767 1620 831 creetis

819 891 957 956 corpore
980 869 1171 956 corporibus
1196 870 1358 936 servirent
1381 875 1498 936 cuncto
1520 869 1666 938 subacto.

820 974 954 1061 spiritus
974 975 1100 1040 intereo
1123 974 1315 1040 servitrice
1340 994 1474 1060 corpore
1498 979 1633 1050 ventus;

819 1085 936 1145 ventus
960 1079 1029 1165 agit
1052 1079 1167 1160 nubes,
1189 1079 1224 1144 in
1247 1078 1359 1144 nubile
1382 1079 1523 1144 crassius
1546 1099 1605 1144 cer

821 1184 963 1269 cogitur:
988 1184 1050 1248 hoc
1073 1183 1195 1249 imbres
1219 1183 1354 1249 veniunt
1376 1182 1605 1271 placidumque
1630 1203 1800 1262 serenum

819 1294 936 1353 ventus
959 1288 1018 1352 elit
1041 1288 1164 1353 fructus
1187 1293 1221 1354 et
1244 1293 1360 1354 ventus
1383 1288 1489 1374 spicat
1512 1288 1641 1370 cristes,

820 1393 956 1458 ventilat
978 1393 1105 1459 aestivo
1131 1413 1211 1479 ques
1234 1392 1313 1458 fletu
1336 1392 1466 1458 mollior
1488 1412 1582 1467 euro;

821 1495 958 1562 defloret
980 1497 1105 1562 fructus
1129 1503 1163 1562 et
1185 1496 1310 1562 decutit
1332 1496 1448 1562 urbere
1471 1497 1582 1573 flores;

820 1601 953 1668 fletibus
976 1600 1127 1666 accendit
1148 1601 1296 1667 ilcmmes
1321 1606 1354 1667 61
1377 1605 1540 1688 temperet
1563 1597 1687 1688 cestrie.

820 1705 952 1771 fletibus
976 1705 1110 1770 alternis
1134 1705 1273 1770 redeunt
1296 1706 1492 1771 commercio
1516 1705 1602 1771 vitoe

821 1809 910 1896 itque
933 1808 1081 1896 reditque
1106 1830 1183 1874 suos
1206 1808 1384 1896 repetendo
1408 1810 1539 1896 spiritus
1562 1809 1701 1876 haustus

820 1920 853 1979 et
876 1913 986 1980 reduci
1009 1919 1106 1979 rento
1128 1913 1230 1980 librae
1253 1913 1418 2001 pulmonis
1442 1914 1615 1979 anhelent:

821 2017 970 2083 lancibus
993 2038 1172 2084 excurrens
1194 2019 1220 2083 it
1242 2018 1376 2084 neribus
1401 2039 1480 2083 eure
1502 2018 1656 2100 vicissim,

822 2122 938 2187 vitales
962 2121 1085 2188 enimet
1107 2143 1166 2208 per
1189 2122 1336 2188 membra
1359 2124 1505 2209 tepentia
1528 2144 1645 2188 sensus

821 2233 855 2292 61
878 2227 973 2293 modo
997 2247 1081 2313 quae
1105 2225 1234 2312 gelidis,
1259 2227 1374 2293 calidis
1398 2249 1483 2292 nunc
1506 2227 1637 2294 fletibus
1660 2247 1716 2293 ore

821 2331 984 2396 illustrate
1009 2331 1123 2417 uigent
1146 2337 1180 2396 et
1202 2337 1341 2417 tangunt
1363 2331 1465 2396 ssebre
1487 2332 1644 2418 palatum.

821 2456 886 2500 non
909 2434 991 2500 hece
1014 2434 1164 2500 humenis
1188 2440 1314 2500 tontum
1337 2435 1515 2521 spiramine
1537 2434 1691 2501 membris

823 2545 898 2604 sunt
921 2537 1007 2618 dete,
1031 2538 1090 2604 sed
1113 2539 1239 2604 cunctis
1263 2539 1483 2606 animantibus
1506 2561 1586 2607 eure
1608 2539 1758 2605 recurrit.

823 2643 956 2730 spiritus
980 2642 1035 2708 ille
1059 2641 1124 2726 dei,
1147 2665 1211 2728 quo
1235 2663 1373 2730 corpore
1396 2649 1514 2709 cuncto
1537 2647 1720 2726 mouentur,

822 2747 929 2812 omnic
952 2747 1174 2833 complectens
1198 2748 1303 2834 agitet
1324 2749 1415 2814 fovet
1438 2748 1554 2814 inserit
1575 2753 1682 2834 urget,

822 2851 909 2916 unde
932 2871 1037 2937 genus
1061 2851 1191 2918 diverse
1212 2852 1347 2918 trahunt
1370 2858 1404 2919 et
1427 2853 1551 2918 semine
1573 2873 1691 2917 rerum.

821 2955 917 3020 molis
940 2954 982 3020 eb
1005 2955 1153 3022 inmenso
1177 2957 1345 3023 uenientia
1368 2957 1458 3023 fonte
1481 2957 1618 3043 perenni

822 3059 955 3124 artificis
977 3058 1136 3125 formante
1160 3082 1259 3126 menn
1282 3060 1411 3148 digesto
1434 3066 1608 3126 vomuntur

824 3162 936 3229 ordine
960 3169 1078 3230 cuncte
1101 3186 1175 3230 suo:
1199 3171 1309 3230 munet
1331 3164 1552 3231 inrevocabile
1575 3185 1702 3231 munus.

822 3288 883 3334 nec
906 3273 1016 3334 temen
1038 3270 1203 3336 intereunt
1226 3271 1399 3357 pereuntis
1421 3270 1495 3356 lege
1518 3268 1644 3335 diurno.

823 3373 895 3459 quis
919 3379 1018 3458 neget
1039 3372 1202 3438 undifluos
1225 3373 1405 3460 procedere
1428 3373 1575 3439 fontibus
1599 3393 1722 3452 omnes,

824 3497 959 3562 qnorum
982 3477 1048 3542 iem
1070 3476 1195 3543 reditur
1219 3499 1284 3542 non
1307 3499 1463 3564 umquem
1486 3483 1598 3564 speret
1621 3477 1733 3562 origo?

823 3580 1027 3646 incessanter
1048 3601 1150 3668 eques
1175 3581 1253 3648 licet
1276 3589 1406 3648 evomet
1428 3581 1551 3668 impete
1574 3581 1682 3667 pleno,

667 3682 724 3744 610
827 3684 985 3750 iacturum
1008 3692 1119 3751 temen
1141 3685 1230 3751 unde
1253 3691 1354 3772 neget
1376 3687 1499 3752 sentire
1522 3685 1647 3750 fluenti.

825 3788 973 3854 omnibus
996 3790 1024 3854 is
1048 3811 1117 3855 mos
1141 3797 1192 3854 est
1215 3789 1255 3856 de
1280 3791 1417 3855 flammis
1441 3789 1556 3856 tollere
1580 3788 1729 3854 flemmes

1640 3941 1665 3975 ltt

513 3959 565 4014 585
591 3963 700 4014 crassior
720 3963 787 4030 neq.
896 3961 948 4016 586
974 3966 1023 4017 hoc
1045 3966 1125 4033 Erre„
1150 3967 1202 4018 huc
1227 3967 1263 4030 Β,
1290 3967 1351 4018 hinc
1377 3965 1436 4018 cdd.
1545 3960 1596 4016 587
1622 3981 1657 4032 cg
1675 3966 1770 4016 flnctus
1794 3963 1830 4015 ric
1849 3963 1886 4026 Β,
1911 3962 1947 4028 cs.
1965 3960 2032 4026 Eup.

410 4046 462 4100 588
480 4049 593 4102 Ventilet
617 4049 641 4100 Β
748 4048 800 4102 589
820 4059 882 4116 puto
900 4052 1006 4103 defloret
1024 4053 1098 4104 flores
1117 4061 1143 4105 et
1161 4055 1218 4105 do.
1232 4055 1332 4105 tructus
1449 4049 1500 4103 592
1517 4055 1610 4117 ltaque
1628 4052 1753 4118 rediitque
1771 4051 1803 4116 Β,
1822 4049 1946 4102 6661611ι
1964 4047 2031 4114 Eup.
2135 4105 2139 4122 ι

410 4132 501 4188 59411
523 4135 562 4200 Β,
582 4143 608 4188 61
631 4136 669 4196 M,
692 4137 719 4188 in
738 4137 805 4203 Eup.
908 4135 961 4189 595
978 4139 1077 4191 enimet
1093 4139 1159 4206 Eup.
1185 4141 1271 4204 enimc
1288 4139 1314 4190 Β
1422 4137 1474 4191 596
1491 4139 1577 4206 Atque
1595 4140 1670 4190 modo
1687 4137 1779 4206 gelidis
1799 4137 1864 4203 Eup.
1883 4133 1998 4186 Arecclo

411 4219 461 4275 597
480 4222 563 4274 flabro
579 4222 656 4288 Eup,
673 4223 741 4274 lobio
758 4223 791 4286 Β,
809 4224 883 4276 lubre
901 4224 934 4274 M
938 4224 949 4254 ¹
1028 4223 1077 4276 601
1098 4223 1222 4294 (complet
1239 4227 1323 4292 spatie
1341 4227 1419 4277 trium
1437 4227 1582 4278 littercmm
1599 4225 1687 4276 relicto
1706 4223 1751 4289 3¹,
1771 4221 1976 4290 (con)plecte(n)e
1994 4220 2031 4271 B’

410 4305 463 4360 603
481 4309 568 4361 Mollis
585 4311 618 4360 cb
636 4307 775 4375 inm(en)so
793 4312 902 4362 tenende
921 4313 991 4364 fonte
1008 4312 1045 4376 B,
1068 4313 1169 4365 correxi
1251 4314 1376 4365 mittendo
1393 4312 1427 4363 Μ
1510 4310 1563 4366 604
1580 4317 1722 4364 ucmuntur
1738 4310 1772 4377 B,
1791 4316 1929 4362 mouentur
1947 4309 2014 4376 Eup.

411 4392 1112 4464 6111611166696,5161666669.,1116ω66Β,1116
1130 4417 1190 4452 mox
1208 4401 1276 4466 lapis

515 4549 565 4604 585
580 4548 752 4618 1761696619.
765 4557 787 4616 1,
802 4553 964 4605 1621661116
976 4551 1144 4622 cgetnubes
1200 4549 1833 4618 0666166612101661...66116161υεί6
1846 4549 1935 4605 nubes
1947 4547 2067 4618 cogitur.
2098 4581 2099 4584 =

416 4652 491 4724 Verp.
504 4653 571 4706 Aen.
583 4661 606 4720 5,
619 4659 655 4707 20
678 4651 708 4708 in
730 4655 833 4710 nubem
856 4653 967 4726 cogitur
988 4670 1044 4711 aer.
1063 4655 1112 4709 Iob
1124 4661 1163 4721 37,
1174 4663 1204 4710 21
1222 4655 1315 4711 subito
1339 4673 1386 4710 aer
1404 4659 1521 4728 cogetur
1542 4655 1572 4710 in
1595 4655 1683 4710 nubes
1795 4654 1847 4708 588
1871 4653 1916 4708 On.
1935 4669 1987 4706 am.
2001 4659 2024 4722 1,
2045 4659 2068 4718 7,

410 4764 443 4811 64
465 4755 599 4826 populeas
626 4755 749 4812 ventilet
775 4775 844 4812 eure
870 4776 962 4813 comes
1067 4760 1116 4816 591
1144 4759 1211 4815 Stat.
1239 4759 1316 4815 Theb.
1339 4766 1363 4828 6,
1378 4763 1515 4829 8481873)
1541 4759 1654 4815 fletibus
1676 4757 1800 4815 alternis.
1825 4758 1870 4814 Or.
1889 4764 1937 4813 618
1954 4755 2068 4811 fletibus

411 4859 526 4915 alternis
558 4860 679 4931 perflans
702 4861 867 4918 commercio
895 4863 985 4918 somni
1071 4864 1138 4918 Stat.
1166 4864 1241 4919 Tlcclc
1258 4873 1281 4930 6,
1297 4871 1346 4920 668
1372 4863 1538 4920 commercia
1565 4863 1648 4920 vitoe.
1672 4862 1711 4917 ud
1738 4879 1795 4917 rem
1822 4877 1950 4931 comparo
1977 4859 2067 4914 Prud.

411 4961 1029 5038 6666636666.1161666161164616.
1134 4969 1185 5027 592
1204 4971 1283 5040 itque
1300 4969 1429 5040 reditque
1443 4969 1546 5039 passim
1564 4969 1629 5024 inde
1647 4987 1666 5023 a
1689 4969 1845 5039 Vendere.
1862 4973 1947 5034 6,122
2016 4964 2068 5021 593

412 5069 518 5124 lamere
538 5075 561 5138 1,
573 5078 622 5125 622
644 5071 785 5142 pulmonis
803 5071 899 5150 anheli
916 5073 986 5129 fibro
1003 5075 1077 5130 lctet
1180 5075 1232 5132 594
1249 5074 1362 5131 neribus
1384 5075 1403 5130 t.
1421 5075 1452 5129 ic
1469 5089 1549 5128 neree
1652 5075 1703 5131 597
1727 5072 1871 5128 illustrato
1892 5071 1929 5137 cf.
1945 5077 1969 5138 2,
1981 5075 2014 5125 43

412 5175 462 5231 601
482 5173 580 5230 inserit
600 5175 618 5230 t.
636 5175 779 5231 incominct
876 5183 900 5244 2,
915 5184 948 5233 39
968 5179 1046 5234 fovet
1068 5177 1153 5250 erigit
1175 5184 1257 5250 urget
1278 5182 1308 5236 et
1329 5181 1416 5252 auget
1437 5177 1552 5248 epirum
1664 5179 1716 5236 602
1737 5176 2068 5246 061661613286666

412 5277 477 5332 inde
497 5279 620 5337 trchunt.
639 5289 662 5349 6,
676 5289 729 5338 802
746 5282 818 5338 unde
836 5281 985 5339 trehit...
1003 5301 1091 5355 genus
1163 5283 1270 5341 semine
1292 5302 1384 5340 rerum
1402 5284 1506 5354 poesim
1528 5281 1591 5337 tude
1614 5300 1633 5336 6
1655 5281 1783 5337 Lucretio
1875 5281 1928 5338 604
1951 5277 2068 5334 artificis

413 5383 527 5452 spirituc
622 5387 673 5445 606
692 5403 760 5456 quae
775 5387 872 5442 cotidie
884 5388 974 5457 perire
990 5387 1113 5443 uidemur
1130 5404 1187 5444 occ
1202 5395 1290 5444 tamen
1307 5391 1441 5444 imecurt
1527 5389 1578 5446 607
1599 5387 1691 5442 claud.
1709 5393 1750 5457 20,
1763 5391 1812 5442 269
1835 5383 1991 5456 procedunt
2007 5381 2067 5436 ion·

414 5487 491 5544 tibus
510 5507 605 5546 omnes
717 5493 750 5558 cf.
770 5491 952 5562 Compeiclr.
970 5499 1130 5562 ⁶‚1208dt·
1234 5495 1283 5549 611
1307 5495 1391 5549 mm
1412 5492 1516 5547 inuenit
1537 5492 1568 5545 in
1590 5489 1728 5560 epitaphio
1750 5489 1902 5557 Reperire
1923 5503 1990 5542 cera
2016 5491 2069 5541 668

413 5595 459 5659 (=
469 5598 521 5648 630
527 5610 557 5662 p.
573 5592 647 5663 Cirr.)
665 5594 789 5664 11011661,
805 5596 886 5653 irruet.
899 5597 980 5666 Hicp.
996 5596 1085 5653 611161.
1103 5603 1151 5652 112
1168 5597 1317 5666 (Bucen,
1335 5613 1415 5652 curm.
1430 5597 1568 5668 cpiprcplr.
1587 5599 1651 5665 720)
1669 5601 1703 5652 12
1720 5593 1849 5651 omnibus
1871 5594 1915 5649 hr's
1937 5610 2001 5648 mox
2025 5593 2069 5648 est

415 5698 450 5752 ds
470 5697 588 5753 flammis
606 5699 706 5756 tollere
724 5701 857 5757 flemmes.
888 5701 923 5769 cs.
936 5701 1016 5756 ctiam
1028 5701 1096 5757 Hor.
1107 5707 1157 5756 sat.
1171 5709 1193 5772 1,
1207 5707 1258 5770 3,1
1276 5701 1403 5760 omnibus
1422 5701 1476 5758 hoc
1493 5699 1595 5762 vitium
1613 5703 1656 5758 est
1673 5697 1834 5756 cantoribus
