4590 6390
1109 391 1313 450 DRAOONTII

783 567 958 656 Astyanax
982 577 1090 658 egeat,
1113 571 1265 637 Priamus
1288 568 1452 635 mendicet
1474 571 1507 632 et
1531 588 1654 645 omnes,

784 673 900 739 infelix
923 695 1004 760 qnos
1025 675 1125 741 Troia
1148 676 1245 762 capit.
1291 675 1373 740 haec
1397 693 1505 760 poena
1526 672 1672 737 manebit

785 777 1093 861 Laomedontiadas,
1117 780 1144 844 si
1168 780 1273 844 carior
1294 779 1349 844 ille
1373 777 1494 844 sodalis

698 898 750 953 225
786 883 902 947 sollers
923 882 1091 950 Hectoreo
1115 882 1273 949 condetur
1295 883 1423 968 dignius
1446 903 1537 964 auro,

785 985 862 1051 dum
886 993 995 1052 tamen
1018 987 1156 1054 infernis
1178 989 1309 1074 requies
1333 987 1428 1053 detur
1449 993 1482 1052 et
1504 987 1592 1052 bona
1614 987 1696 1052 vivis

784 1091 970 1175 praestetur
991 1088 1032 1156 de
1055 1097 1160 1156 morta
1184 1092 1272 1156 salus
1296 1111 1334 1156 ac
1357 1111 1440 1177 pace
1463 1090 1612 1155 fruantur

786 1194 873 1260 aeris
896 1193 1026 1259 innocui
1050 1195 1177 1261 caelum
1200 1216 1290 1260 mare
1313 1193 1451 1260 Tentare
1474 1194 1580 1260 tellus.

785 1298 872 1363 unde
895 1319 1000 1384 genua
1024 1297 1126 1380 ducis,
1150 1300 1246 1364 morti
1269 1299 1346 1365 licet
1369 1299 1426 1364 illa
1449 1298 1658 1386 sepulchrum

699 1419 752 1476 230
788 1409 971 1488 comparem
996 1423 1092 1468 omen
1116 1404 1186 1487 erit,
1210 1404 1238 1468 si
1259 1402 1376 1468 reddat
1397 1401 1494 1468 Troia
1516 1401 1684 1484 tributum,

787 1507 886 1573 Troia
909 1507 961 1572 vel
984 1506 1110 1574 Danais
1134 1507 1274 1593 vectigal
1296 1506 1412 1572 lunera
1435 1511 1615 1594 praestent.

691 1661 792 1728 EXP.
816 1661 1158 1729 DELIBERATIVA
1181 1662 1395 1729 ACHILLIS
1418 1661 1755 1728 DELIBERANTIS

852 1767 914 1832 AN
938 1767 1112 1833 OORPVS
1136 1766 1363 1834 HECTORIS
1387 1767 1584 1834 VENDAT.

1197 2028 1239 2094 x.

987 2147 1263 2239 [narconrn]
1287 2148 1456 2215 nunna.

790 2287 855 2355 lert
878 2289 1006 2354 animus
1029 2291 1162 2376 vulgare
1188 2290 1283 2356 nefas
1307 2296 1341 2356 et
1363 2291 1499 2376 virginis
1521 2297 1612 2356 atrae

793 2393 939 2479 captivos
963 2400 1147 2460 monstrare
1171 2393 1261 2478 deos,
1285 2395 1451 2461 elementa
1473 2396 1621 2476 clientes,

792 2504 941 2564 naturam
968 2499 1090 2563 servire
1114 2519 1202 2581 reae,
1226 2499 1348 2566 servire
1371 2499 1512 2585 puellae,

792 2606 881 2666 astra
903 2602 970 2688 poli
994 2609 1027 2667 et
1049 2601 1176 2668 Phoebi
1199 2624 1314 2668 cursus
1338 2610 1371 2670 ct
1395 2603 1503 2670 sidera
1526 2603 1610 2670 caeli

740 2722 756 2776 5
792 2705 923 2771 arbitrio
947 2706 1093 2772 mulieris
1116 2708 1181 2794 agi,
1204 2707 1350 2794 pendero
1373 2706 1567 2786 Tonantem,

792 2808 880 2895 qnod
903 2809 1015 2876 iubeat
1037 2809 1157 2878 Medea
1179 2811 1283 2894 nefas,
1305 2812 1362 2877 ubi
1385 2813 1514 2878 mittere
1537 2813 1683 2879 flammas

793 2914 934 3000 imperet
955 2913 1139 2981 aethereas.
1184 2921 1336 3002 penetrat
1358 2915 1502 2994 voxilla
1524 2937 1584 3003 per
1606 2937 1712 2995 auras,

795 3039 868 3083 cum
890 3020 976 3084 vitas
1000 3026 1188 3106 mortesque
1213 3019 1301 3097 iacit,
1326 3040 1399 3085 curn
1422 3019 1492 3085 fata
1514 3027 1683 3107 retorquet

797 3121 837 3187 ad
862 3144 976 3188 cursus
1000 3145 1223 3212 quoscumque
1247 3123 1334 3189 velit.
1379 3124 1457 3190 licet
1479 3123 1607 3212 hospite
1631 3145 1728 3190 caeso

731 3241 764 3298 10
799 3227 921 3292 serviat
945 3233 979 3292 et
1002 3226 1175 3314 Scythicae
1199 3234 1308 3293 currat
1331 3249 1389 3315 per
1412 3228 1535 3316 templa
1556 3227 1694 3312 Dianae,

795 3331 944 3418 possidet
968 3333 1163 3418 astrigerum
1188 3331 1318 3398 funesto
1342 3339 1475 3419 pectore
1498 3333 1626 3400 caelum

796 3441 830 3501 et
853 3456 991 3524 superos
1014 3436 1145 3522 impune
1168 3437 1286 3524 premit
1308 3457 1407 3523 prece
1430 3437 1509 3502 nixa
1531 3438 1643 3524 virago

797 3540 915 3605 invitos
938 3561 1054 3628 parcre
1077 3540 1147 3606 sibi.
1194 3561 1278 3626 quae
1301 3541 1444 3606 carmina
1466 3541 1586 3627 linguis

796 3651 977 3710 murmuret
999 3651 1055 3710 aut
1077 3665 1176 3710 urens
1200 3645 1328 3731 species
1353 3666 1436 3732 quae
1459 3645 1591 3711 uomina
1613 3644 1711 3728 dicat,

729 3767 761 3822 15
796 3749 879 3814 haec
896 3755 1003 3814 vatem
1027 3749 1155 3815 nescire
1178 3748 1290 3825 deoot;
1314 3769 1395 3836 quae
1419 3770 1516 3815 nosse
1539 3749 1709 3836 profanum
1734 3754 1795 3830 cst,

797 3852 882 3940 quod
905 3854 1004 3918 fuerit
1027 3852 1180 3939 vulgasse
1204 3853 1308 3918 nefas.
1354 3874 1413 3918 nos
1435 3853 1492 3918 illa
1515 3874 1679 3932 canemus,

799 3979 884 4045 quae
910 3957 992 4024 solet
1015 3958 1048 4023 in
1073 3957 1182 4044 lepido
1206 3957 1423 4044 Polyhymnia
1446 3957 1541 4024 docta
1562 3957 1693 4024 theatro

797 4067 888 4126 muta
909 4061 1008 4148 loqui,
1032 4082 1105 4126 cum
1129 4069 1230 4126 nauta
1251 4063 1353 4146 venit,
1376 4083 1449 4126 cum
1473 4069 1588 4149 captus
1611 4068 1740 4128 amatur

797 4167 883 4233 inter
906 4166 1015 4231 vincla
1039 4166 1150 4232 iacens
1173 4187 1251 4230 mox
1274 4172 1468 4252 regnaturus
1491 4165 1605 4242 Iason;

729 4289 764 4347 20
800 4271 853 4338 vel
877 4270 964 4357 quod
986 4269 1109 4356 grande
1132 4270 1235 4334 boans
1258 4269 1365 4357 longis
1389 4270 1518 4336 sublata
1540 4271 1706 4337 cothurnis

798 4374 922 4463 pallida
944 4373 1165 4461 Melpomene,
1188 4375 1322 4460 tragicis
1346 4397 1420 4440 cum
1444 4377 1547 4461 surgit
1568 4376 1696 4460 iambis,

504 4585 792 4648 mercennariae,
810 4584 887 4647 otN,
905 4585 943 4636 sic
961 4584 1081 4636 Bdlrrens
1168 4583 1220 4637 224
1238 4585 1464 4639 Laomedontiadas
1483 4583 1515 4636 N
1578 4585 1615 4638 sic
1633 4584 1755 4638 Bitlrrerrr
1839 4579 1892 4635 225
1910 4583 2006 4650 dignus
2024 4581 2058 4644 N,

402 4674 564 4728 constabo
655 4671 708 4725 228
725 4675 848 4725 Tartarea
866 4673 898 4723 N
986 4668 1036 4724 231
1056 4673 1148 4724 Troica
1167 4671 1287 4724 Bdlrrem

507 4777 536 4832 X
572 4777 756 4830 delitulocidr
765 4778 856 4844 praes.
929 4775 1121 4840 lartePciper
1188 4764 1284 4840 ileliae
1298 4776 1331 4842 N,
1348 4794 1436 4830 renen
1506 4777 1555 4829 sub
1568 4777 1623 4829 inre
1635 4775 1737 4844 puellae
1748 4771 1869 4825 Bdlrrarrr
1938 4769 2060 4824 dourrue

405 4864 498 4932 rapa
596 4861 629 4916 1³
653 4865 768 4916 carmina
791 4864 872 4916 raons
894 4861 1029 4926 narrem,
1055 4863 1146 4929 rugus
1168 4861 1249 4914 nur...
1355 4861 1387 4914 14
1412 4845 1490 4915 trans
1512 4863 1543 4912 Ν
1638 4861 1670 4914 rc
1693 4862 1763 4928 quor
1783 4860 1818 4924 Ν,
1841 4875 1908 4926 quae
1932 4858 2060 4910 Bcclreler
2181 4869 2183 4872 ⁴

438 4968 490 5002 non
516 4949 562 5002 illa
587 4949 680 5016 Perper
786 4949 818 5002 17
843 4950 980 5017 Polymnia
1005 4949 1047 5000 llis
1153 4948 1186 5001 18
1207 4950 1291 5002 Multa
1310 4948 1342 5012 N,
1366 4967 1433 5001 corr.
1453 4949 1580 5001 Br'r'clreler
1668 4955 1768 5000 amator
1790 4946 1824 5008 N,
1847 4963 1915 4998 corr.
1932 4945 2060 5011 Bourderp

438 5035 474 5087 20
491 5037 540 5088 Vel
557 5053 624 5102 quae
642 5036 770 5090 Br'tcltelcr
840 5037 900 5088 boat
916 5036 1038 5089 Bdlrerra

507 5223 559 5282 229
576 5224 614 5278 ad
625 5224 705 5282 VIII
719 5231 770 5280 529
846 5223 879 5279 dc
901 5223 978 5279 Gaea
995 5224 1115 5293 loprrs'twr

508 5347 538 5401 X
575 5347 587 5402 1
614 5345 1426 5414 Ov.mcl.1,1sertanimur(ora3‚46711ccan.1‚67)
1531 5343 1692 5415 bpondere
1718 5341 1915 5412 marecleam
1937 5343 2062 5407 metopae

442 5450 475 5506 13
502 5449 547 5506 Ov.
563 5456 628 5522 fact.
640 5457 664 5517 3,
682 5457 736 5506 323
761 5449 830 5520 quid
847 5454 944 5522 agant,
967 5467 1040 5521 quaa
1066 5451 1191 5507 carmina
1216 5451 1312 5506 dicant
1325 5493 1331 5506 .
1345 5491 1368 5506 ..
1392 5449 1462 5506 scire
1484 5449 1565 5505 nefas
1586 5447 1693 5504 homini
1791 5447 1825 5502 20
1847 5445 1951 5498 Aralor
1974 5449 1998 5510 2,
2018 5447 2063 5496 756

405 5572 542 5626 pomposo
563 5555 682 5610 reboant
704 5557 755 5610 tue
777 5555 854 5610 bella
876 5555 1027 5621 ootbumo,
1057 5555 1140 5610 Troia
1226 5557 1258 5609 21
1280 5555 1349 5610 Hor.
1361 5561 1412 5610 eat.
1426 5565 1448 5625 1,
1460 5564 1483 5624 5,
1498 5561 1531 5610 64
1549 5553 1649 5624 (Oraal.
1672 5555 1712 5621 13)
1725 5549 1893 5620 tragicis...
1917 5545 2063 5602 cothurnis

440 5660 522 5716 Antl.
537 5666 578 5728 88,
590 5671 607 5716 4
624 5661 801 5732 Melpomene
814 5661 930 5718 reboans
949 5659 1065 5732 tragicis
1078 5660 1209 5717 fervescit
1221 5659 1322 5716 iambis
