4554 6396
887 385 1101 445 DRACON'I'II·
1125 385 1173 442 DE
1191 381 1372 440 LAVDIBVS
1389 381 1450 438 DEI
1479 381 1501 437 Ι.
1520 379 1547 436 ΙΙ

890 569 925 632 et
946 561 1040 630 uobis
1063 566 1185 628 renata
1208 561 1309 644 salus,
1332 558 1456 646 pietate
1479 555 1640 622 medelam

804 666 965 756 inpendee
989 666 1053 749 cui,
1077 670 1201 746 sancte,
1225 668 1325 745 tuem,
1348 660 1565 729 medicamine
1587 660 1677 726 nullo

804 771 897 858 quod·
915 771 1043 858 species
1066 775 1198 836 terrens
1219 773 1323 855 paret,
1347 766 1506 833 sermonis
1527 767 1550 850 †
1573 762 1690 830 adestu

805 897 881 963 spes
904 873 1073 940 hominum
1097 872 1271 939 intendens
1293 877 1327 936 et
1349 877 1426 937 rota
1448 869 1618 958 precantia
1640 867 1818 954 complens.

804 980 915 1068 aspice
940 978 1143 1066 despectum,
1167 977 1332 1044 deiectum
1355 976 1470 1041 attolle
1493 994 1671 1063 parumper

805 1084 1040 1171 confusumque
1063 1082 1150 1163 iura,
1175 1082 1252 1168 quie
1274 1081 1422 1169 paenitet
1445 1099 1519 1145 esse
1542 1083 1726 1161 nocentem,

804 1193 841 1253 nt
862 1187 990 1254 valeam
1014 1206 1196 1252 memorare
1219 1191 1292 1252 tuas
1314 1185 1376 1250 hoc
1400 1183 1545 1250 carmine
1568 1182 1695 1266 laudes,
1740 1263 1742 1266 Ι

810 1313 890 1380 quas
913 1297 1028 1379 potero
1053 1293 1142 1376 (uam
1164 1311 1261 1356 nemo
1283 1289 1372 1356 uolet
1393 1307 1526 1354 narrare
1549 1292 1679 1352 creatus

804 1397 859 1463 rel
880 1395 1044 1462 modicum
1067 1395 1219 1461 facientis
1242 1396 1350 1482 opus),
1374 1391 1460 1479 quod
1483 1409 1575 1458 mens
1598 1411 1656 1458 rea
1678 1390 1800 1455 clamat

805 1505 939 1587 pectore
962 1505 1100 1566 contuso
1122 1499 1296 1566 lacrimans
1321 1504 1355 1564 ct
1377 1518 1458 1563 voce
1481 1495 1583 1572 fideli;

807 1604 904 1672 obsce
926 1625 1033 1672 sermo
1056 1611 1132 1670 tuus
1155 1608 1267 1670 nostro
1291 1624 1366 1668 nem
1389 1599 1487 1668 corde
1511 1604 1653 1683 tenetur,

808 1729 872 1798 quo
894 1715 927 1775 te
951 1707 1113 1796 promittis
1137 1708 1238 1774 nimia
1259 1707 1385 1795 pietate
1408 1710 1591 1794 parentem.

621 1970 786 2064 ‘totietate‘
1149 1973 1293 2050 uisne
1319 1973 1352 2046 ιι

657 2073 749 2124 mmm)
807 2106 1024 2196 Omnipotens
1047 2111 1181 2174 aeterne
1205 2106 1298 2188 deus,
1322 2106 1394 2172 fons
1417 2111 1530 2172 auctor
1551 2105 1643 2192 origo

805 2213 957 2278 inventor
978 2211 1107 2299 genitor
1129 2211 1269 2278 nutritor
1291 2215 1398 2277 rector
1421 2217 1546 2276 amator

806 2322 996 2382 cunctorum
1019 2337 1104 2403 quae
1128 2315 1268 2381 muudus
1293 2315 1403 2398 habet,
1426 2335 1511 2402 quae
1535 2314 1625 2380 celsa
1646 2313 1805 2402 polorum,

808 2440 892 2507 quae
917 2421 1000 2486 eceli
1024 2426 1152 2488 secreta
1176 2427 1291 2506 tegunt
1314 2418 1520 2508 produntque
1543 2438 1727 2506 parumper,

668 2523 685 2580 5
755 2523 788 2592 (ὁ)
809 2521 955 2590 sidereus
985 2523 1070 2610 quod
1093 2523 1134 2590 ab
1158 2544 1221 2591 axe
1243 2523 1361 2611 globus
1383 2545 1483 2612 super
1504 2530 1592 2590 ostra
1613 2528 1748 2601 rotatur,

805 2628 951 2716 pendula
974 2628 1062 2715 quod
1085 2630 1226 2695 tremule
1248 2629 1375 2694 vibrant
1398 2629 1470 2694 fece
1495 2628 1605 2694 sidera
1626 2627 1773 2692 flammas

807 2738 840 2797 et
863 2732 978 2798 stellae
1003 2731 1063 2798 sub
1086 2733 1160 2798 luce
1184 2733 1299 2814 latent,
1323 2733 1384 2799 snb
1408 2739 1504 2800 nocte
1529 2731 1702 2818 refulgent,

807 2835 942 2901 nuntius
967 2856 1105 2902 aurorae
1131 2835 1218 2922 quod
1240 2835 1354 2902 lucifer
1376 2837 1496 2902 emicat
1517 2835 1647 2918 ardens,

809 2945 845 3006 ut
867 2937 960 3026 fuget
982 2945 1070 3006 astra
1094 2940 1172 3027 poli,
1195 2940 1357 3026 fugiturus
1380 2941 1463 3007 lucis
1485 2941 1643 3023 habenas,

655 3060 688 3118 10
745 3062 791 3130 (ιο)
810 3044 896 3130 quod
920 3044 1007 3110 color
1029 3049 1080 3110 est
1103 3043 1192 3126 solis,
1216 3066 1279 3132 quo
1303 3044 1453 3132 splendet
1475 3044 1593 3132 frigida
1615 3045 1693 3112 luna

807 3149 929 3238 partite
952 3169 1026 3214 cum
1049 3149 1149 3214 fratrc
1173 3148 1244 3215 vice
1268 3170 1328 3214 sua
1350 3157 1498 3237 temporo
1519 3150 1674 3232 lustrans,

810 3274 851 3319 ne
875 3253 969 3318 simul
993 3251 1148 3318 invadant
1171 3253 1328 3319 mundum
1350 3254 1420 3320 siue
1443 3255 1516 3320 lucc
1540 3253 1695 3320 tenebrae

809 3357 1025 3445 credaturque
1048 3357 1147 3423 chaos
1171 3358 1279 3444 spatio
1303 3357 1363 3424 sub
1386 3358 1491 3424 noctis
1516 3359 1644 3440 adesse,

810 3461 896 3548 quod
919 3468 955 3527 tu
980 3482 1053 3528 cunr
1078 3461 1205 3530 faceres
1228 3462 1385 3528 mundum
1408 3463 1526 3528 virtute
1548 3461 1679 3552 negasti
1701 3501 1744 3511 -

657 3581 690 3637 15
743 3584 790 3650 (u)
809 3572 845 3631 ιιι
867 3565 949 3632 deus
972 3565 1121 3654 inspiras,
1145 3572 1181 3631 ut
1203 3567 1253 3632 eol
1276 3567 1390 3654 auriga
1412 3573 1560 3634 vocetur:

394 3743 423 3794 io
442 3737 619 3795 0746-750
726 3741 755 3793 fn
772 3740 797 3792 A
815 3742 841 3792 11
860 3737 945 3792 1-15

499 3844 550 3898 744
574 3845 697 3914 Inpendis
720 3845 755 3911 B,
776 3845 878 3897 conani
965 3852 1010 3897 tun
1028 3845 1121 3912 opinor
1225 3841 1276 3897 745
1293 3845 1326 3896 ad
1344 3852 1401 3897 estu
1419 3844 1452 3909 B,
1480 3845 1515 3897 ad
1540 3851 1627 3898 aestus
1649 3845 1731 3914 Euty..
1754 3847 1874 3916 tecrptcci
1896 3849 1990 3902 eductu
2012 3849 2053 3902 cel

394 3933 504 3996 adortu3
522 3933 584 3984 olim
601 3932 696 3984 conieci
713 3930 760 4000 (cs.
773 3931 912 3985 Plincct.
925 3935 965 3996 24,
978 3929 1007 3999 4)
1024 3938 1099 3998 parat
1116 3933 1240 3984 sermonis
1262 3932 1392 3984 adestne.
1411 3948 1537 3998 speseqe.
1616 3933 1742 3986 ncnnouiu
1767 3930 1871 4003 (dirici)
1897 3935 1930 3988 ud
1952 3941 2052 3988 acetum

397 4021 426 4088 (i.
440 4019 598 4088 cupidinem)
615 4038 654 4088 ep.
667 4019 692 4070 lr.
706 4020 723 4071 i.
741 4018 870 4072 Bdclseler
951 4016 1000 4071 747
1020 4019 1129 4072 :deiectu
1149 4019 1279 4088 :despectu
1295 4019 1328 4084 B,
1347 4019 1382 4088 cs.
1395 4017 1461 4086 nup.
1544 4015 1596 4072 748
1614 4019 1825 4088 conatusqueO
1889 4037 1967 4088 quam
1985 4021 2052 4090 naq.

431 4105 480 4160 751
500 4108 566 4160 facie
582 4108 636 4160 litis
654 4110 720 4177 oplis
737 4107 764 4160 B

501 4213 603 4264 LIBER
614 4215 640 4266 ll
715 4221 774 4280 port
791 4213 815 4278 1,
834 4210 886 4266 754
902 4213 990 4266 ecdem
1006 4230 1081 4266 amm
1099 4213 1213 4284 Iuoip(it)
1230 4211 1331 4280 L(ibcr)
1350 4214 1425 4278 1113,
1443 4231 1496 4280 quc
1512 4231 1544 4267 ee
1561 4231 1590 4268 re
1609 4215 1753 4283 saptiam
1770 4215 1840 4282 quod
1857 4214 1973 4268 MVBU
1985 4215 2054 4268 lana

396 4316 497 4352 ceruam
523 4305 546 4365 1,
573 4303 620 4352 764
641 4300 759 4366 primum
785 4308 930 4366 pomerum
956 4300 1018 4352 libri
1043 4301 1152 4352 alteriue
1255 4297 1272 4350 3
1298 4299 1398 4368 qnefm)
1425 4301 1538 4358 muudus
1559 4300 1585 4352 A
1691 4299 1707 4351 6
1731 4302 1838 4356 uibrant
1859 4301 1893 4369 A,
1920 4303 2007 4356 uibrat
2027 4301 2053 4352 B

431 4383 595 4454 'lrcfulgeut
616 4387 652 4438 cic
672 4385 732 4452 AB,
757 4387 870 4454 refulget
892 4387 1028 4452 descripsit
1044 4386 1079 4438 Μ
1161 4384 1313 4440 8Nuncius
1337 4395 1443 4441 auctore
1461 4388 1487 4439 B
1503 4397 1527 4441 et
1545 4387 1570 4439 A
1598 4387 1636 4454 (in
1657 4388 1704 4442 lice
1729 4397 1814 4442 maresc
1835 4406 1929 4443 aurore
1952 4388 2053 4442 ridetur

395 4481 510 4539 coeptum
527 4489 581 4526 esce
598 4473 685 4537 satu,
702 4481 772 4525 catut
788 4471 912 4540 auctore),
931 4491 998 4526 corr.
1012 4473 1063 4524 M·
1133 4470 1246 4539 dlugat
1257 4473 1290 4538 B,
1310 4474 1395 4540 fngiat
1412 4475 1437 4525 A
1508 4471 1542 4526 10
1559 4475 1627 4540 quod
1645 4475 1763 4542 splendet
1774 4475 1889 4529 Arecclo
1906 4475 2053 4528 ιιιιιίιιιιιιον

431 4559 463 4611 11
487 4556 569 4626 cu(m)
591 4556 694 4625 firatlre
717 4558 752 4624 A,
775 4558 858 4624 cu(m)
877 4567 949 4628 patre
966 4560 992 4611 B
1061 4561 1133 4612 nicee
1151 4559 1211 4626 AB,
1229 4577 1296 4612 corr.
1311 4561 1404 4614 Oroete
1493 4559 1525 4612 14
1543 4563 1618 4626 Quod
1645 4569 1692 4615 tua
1713 4561 1746 4626 A,
1774 4564 1832 4628 Quo
1855 4569 1902 4616 tue
1922 4561 1956 4627 B,
1984 4579 2053 4615 corr.

396 4645 511 4700 Arecclo
580 4647 682 4714 negasti
694 4645 728 4708 A,
746 4663 795 4699 neo
812 4653 871 4699 artu
883 4647 916 4714 B,
934 4647 1032 4700 necasti
1051 4645 1166 4699 Areccfo

503 4817 556 4872 744
574 4815 610 4884 cf.
624 4821 648 4886 1,
663 4823 715 4873 607
798 4817 834 4884 cf.
855 4815 962 4888 Oonpp.
977 4817 1066 4888 praef.
1084 4815 1116 4871 fn
1134 4815 1206 4870 laud.
1224 4797 1321 4871 Acraei.
1339 4825 1371 4872 46
1393 4815 1477 4872 verbo
1496 4820 1605 4887 pestem
1626 4817 1676 4888 qui
1699 4819 1846 4876 submovet
1867 4835 1922 4874 uno
1946 4820 1976 4874 et
1993 4817 2053 4874 sine

399 4919 555 4992 composito
574 4918 759 4976 medicamine
776 4921 893 4977 vulnera
906 4923 986 4975 curat
1072 4922 1123 4978 745
1141 4921 1249 4993 species
1268 4923 1378 4978 terrena
1391 4921 1508 4976 honines
1595 4922 1646 4978 749
1664 4927 1688 4991 3,
1703 4931 1748 4978 719
1766 4927 1799 4979 ιιι
1815 4940 1923 4979 merear
1939 4925 2054 4978 mutare

398 5026 463 5078 tuos
481 5040 531 5094 per
549 5023 674 5078 carmina
691 5023 800 5090 laudes,
827 5023 955 5094 quamvis
972 5042 1053 5082 nemo
1071 5029 1122 5081 tua
1141 5024 1292 5096 praeconia
1311 5041 1434 5096 congrue
1452 5023 1532 5080 dixit.
1562 5025 1607 5082 VI
1620 5032 1655 5081 32
1677 5028 1710 5081 ut
1727 5027 1838 5084 valeam
1857 5027 1972 5082 cantaro
1989 5028 2054 5082 tuos

398 5145 451 5198 per
469 5128 537 5182 vote
554 5125 720 5199 triumphos.
760 5126 805 5183 Or.
818 5135 848 5183 15
866 5127 902 5182 da
919 5128 1030 5186 valeam
1047 5147 1200 5186 memorare
1217 5129 1296 5186 nefas

503 5245 611 5301 LIBER
624 5246 651 5301 II
723 5247 845 5303 lSedul.
859 5258 881 5317 1,
893 5249 1115 5321 coomnipotens
1128 5253 1241 5308 aeterne
1253 5250 1329 5320 deus,
1348 5267 1412 5321 spes
1425 5248 1509 5305 unice
1527 5245 1625 5303 mnndi
1695 5248 1883 5315 domatores.
1896 5247 2054 5318 scurror

432 5353 448 5406 7
476 5359 498 5419 1,
511 5357 563 5406 114
589 5351 665 5407 clara
692 5351 786 5409 latent
808 5354 859 5410 sub
882 5355 960 5412 sole.
976 5397 1002 5412 ..
1027 5355 1119 5413 sidera
1222 5356 1239 5413 8
1260 5356 1333 5424 Verq.
1355 5355 1423 5410 Aen.
1439 5362 1463 5423 6,
1481 5363 1497 5410 6
1519 5353 1623 5410 emicat
1644 5353 1743 5408 ardens
1846 5351 1951 5409 ichr.
1971 5367 2052 5406 coroa

397 5461 423 5522 3,
441 5461 480 5523 21,
499 5460 532 5508 11
550 5453 615 5509 dum
634 5454 742 5511 rediens
760 5458 843 5530 fugat
860 5463 937 5516 nstra
954 5461 1084 5520 Phoebus
1172 5463 1202 5518 11
1222 5461 1312 5517 Sedul.
1327 5469 1347 5528 1,
1359 5467 1413 5516 256
1435 5459 1474 5514 sol
1495 5458 1618 5529 partitur
1640 5474 1704 5513 cum
1728 5457 1811 5513 nocte
1829 5455 1912 5523 vices,
1931 5455 1966 5521 cf.
1986 5454 2052 5512 Ven.

400 5555 479 5614 Fac.
492 5571 574 5614 carm.
586 5567 611 5627 4,
625 5567 648 5628 1,
661 5565 692 5614 21
775 5560 808 5617 13
826 5563 859 5630 cs.
872 5563 985 5620 Ecmod.
998 5581 1079 5621 curm.
1092 5573 1114 5636 1,
1126 5573 1150 5634 6,
1164 5573 1180 5621 9
1198 5565 1341 5622 confusam
1353 5563 1446 5620 ventis
1463 5563 1595 5618 usturam
1612 5560 1728 5635 perdere
1746 5561 1824 5636 leges
1842 5559 1917 5618 iurat
1934 5561 1964 5618 ct
1980 5557 2053 5617 anti·

398 5679 484 5731 quum
503 5660 591 5718 credit
608 5661 704 5719 adesse
722 5663 808 5721 chaos
