4590 6390
932 351 1107 410 ROMVLEA
1127 355 1165 410 lx

619 525 823 615 Astyanacta
846 533 947 609 tenet,
971 531 1016 596 sic
1040 531 1166 596 caelum
1180 531 1362 618 ¹questibus
1386 531 1517 618 implet;

549 647 585 706 40
621 631 712 718 virgo
735 632 904 720 Polyxene
926 633 1068 700 lacrimis
1092 641 1207 700 ornata
1229 634 1356 700 decoris

620 740 654 800 et
676 736 809 823 planctu
831 737 954 804 laniata
975 759 1087 824 genas,
1111 745 1247 804 contuse
1269 739 1410 806 lacertos

619 860 658 906 ac
680 840 787 926 longis
811 840 958 928 dispersa
982 843 1083 908 comis
1106 850 1241 910 onerata
1263 844 1387 931 pudore

619 944 757 1030 ingemit
779 950 812 1010 et
834 951 960 1011 tantum
984 951 1065 1012 nutu
1088 947 1158 1012 sine
1181 967 1262 1014 noce
1285 953 1447 1034 precatur,

619 1047 743 1114 funeris
766 1048 924 1116 Hectorei
946 1071 1087 1137 poscens
1110 1071 1280 1138 exsangue
1304 1051 1460 1130 cadaver;

549 1169 584 1224 45
619 1173 716 1240 quem
739 1153 863 1220 retines
886 1154 988 1220 iratus
1012 1153 1118 1220 adhuc
1141 1155 1317 1242 (cognosce
1340 1157 1509 1244 puellam),

619 1257 803 1344 plangentis
826 1279 1002 1343 germanus
1025 1265 1106 1341 erat,
1130 1260 1183 1326 cui
1205 1260 1274 1325 vita
1296 1259 1437 1341 daretur,

620 1367 696 1428 ante
719 1362 824 1428 aciem
848 1364 876 1429 si
899 1365 970 1430 visa
990 1366 1085 1445 foret,
1110 1363 1295 1451 Troiaeque
1318 1364 1448 1452 periclis

619 1466 742 1533 femina
764 1467 851 1533 bella
874 1467 973 1551 dedit,
998 1468 1056 1535 sed
1080 1468 1201 1534 lamina
1223 1469 1313 1535 bella
1334 1476 1485 1556 negaret:

620 1569 674 1636 ‘da
688 1573 826 1654 veniam,
848 1573 996 1640 iuvenis'.
1035 1595 1190 1660 magnum
1213 1579 1264 1638 est
1286 1575 1420 1661 punisse
1436 1574 1617 1661 triumphos

551 1691 585 1749 50
620 1675 785 1758 Hectoris,
809 1677 870 1743 hoc
894 1683 945 1743 sat
968 1679 1029 1742 erit
1052 1677 1137 1764 quod
1161 1677 1346 1745 desistore
1370 1678 1567 1766 triumphem

620 1781 685 1846 iam
708 1782 815 1847 luctus
839 1788 991 1848 converte
1014 1787 1089 1848 tuos
1112 1781 1153 1848 ad
1176 1782 1307 1868 gaudia,
1331 1783 1442 1864 victor,

620 1884 741 1970 gaudia
763 1886 818 1971 qui
840 1885 1025 1974 Phrygibus
1049 1886 1163 1952 sollers
1186 1888 1219 1952 in
1242 1887 1359 1952 lunera
1381 1888 1492 1954 vertis.

620 1988 736 2054 infelix
759 1991 833 2076 plns
856 1989 956 2056 Troia
978 1992 1080 2076 gemit
1103 2012 1199 2077 quem
1223 1990 1331 2078 perdit
1352 1990 1498 2057 Achilles

620 2093 732 2158 fortior
754 2095 854 2160 occisi
878 2115 1080 2181 consurgens
1102 2096 1189 2160 ultor
1211 2095 1318 2161 amici.

550 2213 585 2268 55
620 2196 766 2262 iniremis
790 2197 975 2264 Aeacides?
1019 2200 1073 2285 qui
1095 2198 1238 2265 vindicet
1259 2197 1415 2281 Hectora,
1438 2220 1503 2264 non
1527 2207 1586 2266 est.

621 2322 706 2368 anne
729 2301 828 2368 Parin
852 2302 983 2367 fortuna
1004 2303 1114 2370 iubet?
1151 2303 1206 2388 qui
1229 2303 1317 2368 crine
1341 2302 1486 2368 madenti

621 2405 706 2472 inter
728 2407 890 2492 lanigeras
913 2405 1034 2493 gaudet
1055 2406 1190 2472 latuisse
1213 2407 1338 2494 puellas

620 2530 682 2575 nac
706 2515 810 2576 mater
831 2509 1018 2576 veneranda
1040 2510 1143 2594 iubet,
1166 2510 1253 2596 quod
1276 2509 1382 2576 laudis
1406 2511 1560 2588 habetur;

620 2613 683 2679 hoc
706 2613 776 2700 agit
799 2620 833 2680 et
854 2634 997 2702 pugnam
1021 2614 1175 2680 thalamis
1199 2620 1333 2682 exercet
1355 2615 1493 2696 adulter,

551 2735 586 2792 eo
621 2723 753 2806 pectore
777 2719 917 2785 feminco
933 2719 1073 2786 Veneris
1095 2740 1171 2785 nam
1194 2719 1283 2786 belle
1305 2720 1449 2801 lacessit,

620 2827 657 2888 ut
679 2822 794 2889 Martis
817 2823 958 2890 declinet
986 2843 1066 2909 opus
1089 2824 1143 2890 vel
1166 2823 1302 2888 fulmina
1324 2823 1432 2911 campi

621 2927 768 3013 effugiat,
792 2949 975 3015 magnoque
997 2929 1084 2994 iacet
1107 2928 1219 2993 dotata
1241 2927 1397 2994 Lacaena

622 3032 781 3118 sanguine
804 3031 1035 3119 Troiugenum,
1060 3031 1196 3098 Graium
1219 3032 1330 3098 dotata
1352 3053 1478 3099 cruore.

620 3135 816 3202 Dardanidis
840 3137 912 3224 quis
935 3157 1046 3202 murus
1071 3137 1133 3202 erit
1154 3143 1230 3223 post
1251 3136 1398 3202 Hectora
1420 3157 1544 3223 campo,

552 3259 586 3314 65
622 3241 779 3309 adversus
802 3241 938 3310 Danaos
961 3242 1033 3328 quis
1055 3241 1218 3328 Pergama
1240 3241 1329 3307 fessa
1352 3247 1471 3322 tuctur,

620 3345 784 3434 puppibus
807 3345 971 3431 Argolicis
994 3345 1154 3432 Phrygios
1178 3345 1251 3432 quis
1274 3345 1392 3431 diriget
1413 3345 1518 3432 ignes,

625 3451 697 3536 quis
720 3449 900 3516 Telamone
924 3455 1030 3515 satum
1054 3456 1208 3515 constans
1230 3447 1372 3514 umbone
1396 3455 1561 3514 tonantem

625 3554 765 3620 sustinet
787 3559 844 3619 sut
865 3552 985 3620 Teucri
1006 3553 1125 3618 tolerat
1146 3573 1205 3639 per
1226 3551 1314 3618 bella
1337 3553 1494 3639 sagittas?

622 3659 694 3743 quis
717 3657 820 3724 hostis
844 3653 1012 3722 Diomedis
1039 3657 1110 3737 erit,
1134 3677 1218 3742 quae
1241 3661 1348 3721 turma
1370 3656 1533 3722 furentem

552 3779 587 3836 70
622 3761 768 3848 excipit?
793 3761 826 3826 in
849 3761 988 3848 elipeum
1011 3779 1148 3846 surgens
1173 3781 1246 3824 cum
1269 3759 1401 3824 torserit
1424 3760 1554 3827 hastam

619 3865 750 3931 turbine
773 3865 947 3951 belligero,
971 3865 1044 3950 quis
1067 3884 1130 3929 non
1154 3864 1224 3928 sine
1249 3864 1383 3930 vulnere
1406 3865 1530 3929 fractus

626 3969 769 4036 concidit
792 3975 826 4034 et
848 3969 993 4035 moriens
1016 3967 1239 4034 tremibundos
1261 3968 1398 4054 porrigit
1420 3973 1532 4034 artus?

621 4073 781 4162 Tydidem
804 4073 938 4140 Aeneas
962 4072 1092 4138 rediens
1116 4072 1149 4137 in
1173 4071 1260 4138 bella
1282 4073 1434 4152 lacesset,

621 4200 641 4244 a
664 4198 729 4264 quo
752 4177 858 4244 victus
881 4175 959 4258 abit,
981 4175 1037 4262 qui
1060 4176 1226 4263 impressit
1249 4176 1385 4242 vulnera
1407 4175 1524 4240 Marti?

550 4301 584 4356 75
621 4304 697 4349 nam
719 4282 847 4347 niveam
870 4281 989 4347 lusisse
1013 4280 1075 4346 luit
1096 4280 1231 4368 plagare
1255 4279 1434 4368 Cytheren.

619 4387 782 4472 Pergama
804 4384 922 4467 Pelidi‚
944 4385 1059 4468 fateor,
1082 4390 1158 4471 post
1180 4383 1327 4451 Hectora
1350 4389 1488 4450 tractum

620 4513 685 4556 non
708 4491 842 4573 bellum,
866 4489 925 4556 aad
947 4487 1071 4576 praede
1094 4495 1209 4575 patent
1232 4493 1401 4572 spectante
1425 4488 1599 4575 triumpho.

234 4767 238 4776 ,
329 4738 364 4793 39
382 4747 472 4792 tenens
489 4737 611 4789 Bdhreas
680 4734 715 4786 42
732 4735 816 4802 longis
832 4734 864 4796 (is
882 4750 913 4784 ca
930 4732 992 4794 usi)
1011 4731 1041 4782 N
1127 4729 1162 4784 45
1184 4733 1279 4783 retines
1301 4732 1338 4783 aie
1357 4731 1387 4781 N
1467 4727 1500 4781 47
1524 4733 1588 4783 soret
1606 4732 1750 4797 Troiaeque
1768 4733 1876 4800 pericla;

223 4826 317 4893 Pcipcr
423 4824 456 4879 56
474 4826 547 4877 iuvet
564 4823 691 4875 Bltrlrelcr
767 4821 812 4887 qui
829 4821 926 4872 crimen
943 4819 1030 4871 adenti
1047 4818 1082 4880 N,
1100 4817 1309 4870 corr.Br‘tclreler
1410 4813 1444 4870 67
1463 4817 1491 4868 irs
1508 4817 1638 4885 lanigeras
1654 4826 1713 4869 aunt
1730 4836 1772 4872 ras
1785 4827 1877 4886 postea

223 4913 337 4974 additae,
362 4913 407 4964 scd
425 4931 442 4962 a
466 4929 548 4963 maara
565 4912 655 4976 primo
680 4908 715 4970 N,
738 4909 854 4960 lanificae
878 4907 999 4959 Bdlrrcm
1086 4905 1121 4958 64
1145 4907 1274 4959 Dardanis
1299 4907 1333 4968 N,
1359 4923 1427 4957 corr.
1447 4905 1575 4970 Bdlrreaa,
1598 4905 1727 4957 Dardanio
1750 4905 1877 4958 Belclsclar

257 4997 292 5051 66
315 5001 459 5068 phrygibus
483 4999 516 5062 N,
540 5015 608 5050 corr.
625 4996 753 5048 Br'lclreler
858 4991 891 5046 73
912 4993 1030 5059 Tydiden
1053 4993 1084 5042 N
1165 4993 1269 5045 lacessit
1290 4993 1324 5054 N,
1348 5009 1416 5044 corr.
1437 4992 1564 5044 Br't'clreler
1666 4989 1700 5042 74
1718 4992 1833 5051 uuluena
1850 4993 1880 5042 N

258 5087 335 5138 matri
353 5086 387 5152 N,
406 5103 474 5138 corr.
486 5085 613 5150 Roerberp
701 5079 734 5134 76
751 5088 857 5134 nactum
876 5079 908 5144 N,
927 5097 995 5132 corr.
1008 5080 1136 5134 Balclssler
1216 5076 1248 5130 77
1267 5079 1405 5148 spectanda
1423 5079 1550 5146 Boasbcrp

328 5309 362 5363 39
386 5308 444 5362 Vol.
457 5309 503 5364 Fl.
523 5315 546 5376 6,
566 5314 613 5362 726
638 5306 682 5361 his
708 5305 818 5361 caelum
842 5302 988 5372 questibus
1010 5301 1111 5373 implet
1203 5301 1237 5355 42
1261 5301 1356 5357 Claud.
1373 5308 1415 5368 33,
1432 5310 1463 5357 66
1489 5301 1610 5358 incultas
1632 5301 1759 5372 dispersa
1781 5321 1875 5358 comas

257 5414 292 5470 43
316 5415 364 5470 Sil.
376 5421 400 5482 6,
415 5420 464 5468 667
485 5413 566 5468 vultu
592 5411 732 5467 interdum
757 5409 816 5466 sine
843 5425 909 5464 voce
932 5407 1041 5478 precati
1065 5405 1139 5460 assde
1159 5410 1249 5460 carnea
1271 5422 1334 5461 cccc
1359 5421 1419 5460 cam
1442 5405 1595 5474 Roaaberps'o
1619 5405 1699 5461 vultu
1725 5405 1876 5462 Dracoalio

222 5533 326 5588 quoque
342 5516 400 5585 dee,·
418 5517 559 5588 Polyaeno
574 5521 605 5570 ut
622 5517 696 5585 virgo
711 5513 829 5570 modesta
847 5512 1046 5568 Andromaches
1059 5511 1184 5582 praeibas
1201 5509 1301 5565 adaco
1319 5513 1433 5577 tamum,
1451 5526 1507 5564 non
1523 5509 1659 5564 adclamat
1744 5512 1779 5566 56
1798 5509 1874 5582 Vcrp.

223 5622 292 5684 Aea,
306 5629 332 5692 4,
343 5628 390 5682 215
407 5620 457 5676 ille
475 5619 555 5676 Paris
566 5661 572 5674 .
583 5661 606 5675 ..
626 5619 785 5692 crinemque
803 5618 962 5674 madentem
1044 5617 1078 5673 63
1095 5615 1131 5670 od
1147 5613 1224 5669 VIII
1236 5623 1284 5671 652
1369 5615 1404 5670 72
1421 5619 1455 5682 ef.
1470 5613 1581 5670 Homer.
1592 5619 1642 5668 376
1658 5613 1742 5667 Drac
1754 5612 1780 5667 V
1793 5619 1841 5668 281
