4590 6390
1036 389 1239 447 DRACONTII

704 569 824 634 invitos
847 569 954 634 accire
978 567 1066 649 deos,
1089 587 1231 654 urguere
1255 567 1450 646 Tonantem,

705 674 781 739 dum
804 674 956 760 precibus
980 673 1143 740 elementa
1166 673 1270 760 quatit
1292 693 1382 738 mare
1405 671 1514 738 sidera
1537 678 1654 754 terras,

620 795 669 852 140
704 784 853 844 naturam
877 779 1008 844 turbare
1032 778 1138 859 simul,
1163 783 1219 844 tua
1242 777 1308 843 tela
1331 776 1482 843 medullio

703 883 849 970 excipiat
872 881 949 970 (hoo
971 881 1054 948 Iuno
1077 880 1172 970 petit)
1196 882 1414 968 iuuenemque
1437 881 1613 969 Pelasgum

704 987 818 1073 diligat
841 993 933 1074 optet
955 993 1043 1052 amet
1066 987 1177 1074 cupiat
1200 987 1344 1074 suspiret
1367 986 1510 1053 anhelet.

704 1092 863 1157 sollicitus
886 1097 996 1157 tamen
1020 1093 1082 1157 ista
1104 1111 1184 1179 paro
1207 1098 1387 1178 cautusque
1411 1097 1592 1157 memento:

703 1195 855 1261 Medeam
879 1195 1004 1262 fixurus
1026 1195 1114 1262 aris.³
1159 1196 1206 1261 sio
1228 1195 1297 1262 fata
1320 1195 1433 1261 Dione.

619 1316 668 1373 145
704 1300 774 1366 risit
796 1299 898 1365 Amor
920 1301 1096 1387 matrisque
1121 1301 1195 1366 sinu
1217 1321 1253 1367 se
1277 1299 1440 1365 subtrahit
1462 1299 1547 1375 alss;

705 1405 833 1492 spicula
856 1427 956 1472 saera
978 1406 1069 1492 legit,
1093 1405 1210 1492 quibus
1234 1405 1311 1470 olim
1334 1403 1428 1470 Luna
1450 1427 1509 1492 per
1530 1405 1664 1473 umbras

703 1515 870 1595 pastorem
892 1510 1057 1576 flammata
1080 1514 1171 1574 tenet
1193 1529 1255 1575 nec
1278 1510 1418 1574 sustinet
1441 1510 1534 1597 ignes

703 1613 800 1680 Luna
823 1613 1033 1702 Cupidineas,
1058 1613 1143 1680 Solis
1167 1635 1252 1700 quae
1274 1615 1413 1679 sustinet
1435 1615 1548 1681 orbem

704 1725 738 1785 et
760 1718 869 1784 fratris
893 1718 990 1784 radiis
1014 1724 1191 1805 conceptus
1213 1718 1295 1782 lueis
1319 1717 1462 1804 adoptat.

620 1839 669 1896 150
704 1819 788 1888 ‘boo’
809 1824 854 1888 ait
877 1823 1064 1910 ignipotens
1085 1821 1165 1888 ‘telo
1188 1821 1308 1888 Medea
1332 1829 1504 1906 cremetur,

704 1948 767 2014 quo
791 1925 978 2013 Scythicam
1003 1925 1173 1993 succendit
1195 1927 1308 2008 Amor,
1332 1925 1546 2016 dominaeque
1571 1930 1700 1996 favillas

703 2031 867 2096 excutiam
890 2051 949 2116 per
971 2031 1095 2118 templa
1118 2030 1240 2113 volans,
1263 2037 1297 2096 et
1319 2031 1411 2117 virgo
1435 2039 1571 2098 cruenta

703 2134 863 2222 adprobet
885 2135 944 2200 hos
967 2157 1061 2201 arcus
1082 2134 1234 2201 dominae
1256 2136 1330 2222 plus
1352 2155 1452 2222 posse
1474 2135 1647 2223 pharetris.

702 2261 843 2326 namque
866 2239 975 2304 Diana
996 2240 1095 2324 serae,
1119 2261 1233 2306 cervos
1258 2246 1292 2306 et
1313 2239 1414 2326 figere
1438 2239 1585 2308 dammas

618 2360 667 2417 155
703 2342 845 2411 adsolet:
870 2345 932 2410 hoc
955 2345 1056 2410 telum
1079 2365 1174 2430 reges
1197 2349 1231 2410 et
1253 2345 1385 2414 numina
1407 2343 1501 2432 figit?

790 2455 943 2536 quattuor
965 2450 1090 2515 interea
1113 2451 1225 2514 niveas
1248 2448 1379 2516 adstare
1403 2450 1571 2516 columbas

704 2555 821 2642 Cypria
845 2574 984 2620 amoena
1005 2553 1109 2619 iubet:
1135 2554 1238 2618 roseis
1262 2553 1430 2619 frenantur
1451 2554 1599 2636 habenis,

704 2659 843 2726 candida
866 2658 1010 2746 puniceis
1034 2657 1216 2724 subduntur
1239 2658 1323 2724 colla
1345 2659 1462 2725 rosetis

704 2764 792 2850 (nam
808 2764 885 2850 iuga
907 2770 982 2828 sunt
998 2767 1168 2849 compacta
1184 2761 1294 2849 rosis),
1312 2763 1375 2829 fert
1390 2763 1509 2830 dextra
1523 2748 1700 2852 flagellum,

618 2886 668 2942 160
701 2889 845 2957 purpura
868 2866 953 2954 quod
977 2866 1092 2948 mollis,
1115 2866 1222 2932 tenuis
1245 2867 1331 2954 quod
1355 2868 1479 2934 serious
1503 2877 1606 2937 ornat.

703 2973 767 3038 iam
793 2972 923 3036 volucer
946 2970 1135 3036 conscendit
1157 2991 1236 3036 aves
1260 2977 1294 3037 et
1316 2971 1437 3037 blanda
1460 2972 1620 3061 Voluptas

702 3077 727 3140 it
749 3097 868 3158 comes,
892 3076 1075 3163 Amplexus
1098 3074 1243 3155 veniunt,
1267 3074 1480 3162 Hymenaeus
1503 3076 1671 3162 adhaeret,

702 3179 831 3245 Caudio
854 3185 1059 3264 concurrunt,
1081 3177 1180 3245 Risus
1202 3185 1300 3265 atque
1314 3178 1447 3246 Oscula
1469 3189 1619 3269 pergunt.

702 3305 776 3349 nam
799 3283 877 3348 lieet
899 3283 1023 3348 Idalias
1047 3283 1200 3349 sociarint
1222 3283 1316 3350 frena
1339 3284 1504 3350 columbas

617 3406 666 3462 165
703 3394 736 3454 et
757 3388 888 3453 iunctae
911 3409 970 3474 per
993 3393 1110 3452 cuneta
1131 3389 1253 3470 volent,
1276 3393 1387 3454 tamen
1409 3390 1547 3478 impiger
1569 3391 1638 3457 ales

702 3513 787 3558 nunc
809 3491 893 3558 hano
916 3513 1002 3557 nune
1027 3492 1115 3557 illam
1139 3491 1262 3558 residet
1284 3492 1469 3579 gaudetque
1493 3495 1620 3581 iugales

701 3599 766 3663 iam
790 3597 936 3662 relevare
961 3616 1037 3661 suas
1061 3602 1095 3662 et
1118 3617 1154 3662 se
1177 3617 1315 3682 pensare
1340 3597 1452 3662 volatu

702 3700 882 3790 (sublatum
906 3701 1044 3789 propriis
1068 3701 1228 3787 persentit
1250 3702 1284 3766 in
1307 3723 1386 3767 aera
1409 3702 1516 3788 pinnis

701 3807 848 3891 aurigam
873 3804 1031 3891 quadriga
1053 3803 1181 3889 volans)
1204 3805 1388 3891 iterumque
1412 3806 1578 3873 columbas

616 3928 666 3985 170
701 3909 827 3998 adpetit
850 3915 882 3974 et
904 3909 1065 3996 pharetris
1088 3909 1252 3974 concludit
1277 3909 1375 3974 dorsa
1397 3911 1575 3978 volantum.

700 4014 843 4079 nondum
867 4035 927 4101 per
949 4011 1119 4099 Scythicas
1142 4013 1265 4098 glacies
1290 4019 1354 4079 stat
1378 4014 1518 4082 barbara
1541 4015 1684 4102 Colchis,

702 4125 735 4185 et
756 4119 820 4183 iam
844 4117 961 4183 bruma
983 4119 1092 4202 rigens
1115 4117 1230 4182 Arctoi
1252 4118 1375 4183 tristior
1398 4120 1471 4186 axis

701 4222 916 4309 torpebatque
940 4228 1054 4286 coacta
1076 4221 1153 4307 gelu
1176 4223 1198 4306 †
1221 4213 1254 4287 et
1276 4222 1428 4308 pinniger
1449 4223 1559 4290 audax

701 4332 735 4392 et
757 4326 861 4412 magis
884 4346 1020 4391 accessu
1044 4325 1136 4411 pueri
1158 4325 1256 4412 plaga
1279 4333 1406 4392 maesta
1429 4336 1561 4394 serenat

616 4447 665 4502 175
701 4429 877 4494 adventum
900 4434 1020 4494 testata
1043 4427 1108 4493 dei:
1133 4449 1210 4493 mox
1233 4435 1318 4494 tetra
1341 4429 1496 4516 fugantur
1572 4503 1573 4506 Ἴ

700 4534 823 4614 nubila,
847 4533 1018 4598 caeruleos
1042 4532 1187 4598 excludit
1209 4534 1391 4620 flammiger
1414 4535 1545 4602 imbres.

700 4639 801 4726 impia
822 4637 886 4702 iam
911 4636 1050 4716 Colchis,
1074 4637 1137 4703 iam
1162 4637 1291 4702 saevior
1314 4659 1371 4702 ara
1394 4639 1521 4706 Dianae

411 4797 458 4850 147
477 4781 605 4866 substinet
621 4817 640 4849 rr
712 4795 758 4848 151
781 4799 851 4860 Quos
869 4794 903 4858 N,
922 4811 989 4847 corr.
1004 4793 1084 4845 Dalm
1157 4792 1206 4845 152
1225 4796 1359 4848 Excutiam
1372 4797 1406 4862 N,
1426 4800 1558 4866 Excipiam
1579 4800 1607 4864 (x
1625 4781 1656 4852 ea
1675 4802 1695 4866 t)
1713 4819 1732 4852 a
1805 4801 1852 4855 154
1868 4820 1960 4856 coruos

303 4889 407 4954 effigere
420 4887 453 4948 N,
470 4905 537 4938 corr.
551 4886 677 4938 Bdaketer
754 4879 803 4934 167
821 4883 969 4949 dispensare
981 4881 1102 4932 Bdhreas
1171 4883 1260 4934 volatu
1273 4883 1407 4950 Briareia,
1422 4887 1535 4938 volatum
1549 4887 1578 4937 N
1647 4886 1697 4941 170
1714 4889 1820 4940 conlidit
1832 4891 1961 4943 Br'tclreler

303 4975 372 5036 olias,
391 4974 526 5026 contundit
543 4973 636 5038 Peiper
730 4967 779 5022 172
801 4971 845 5021 Set
869 4971 920 5020 iam
946 4969 1073 5020 Bitelreter
1162 4967 1211 5020 173
1234 4972 1404 5038 torpebatque
1429 4989 1481 5037 epo,
1507 4975 1625 5041 torpebat
1644 4975 1675 5024 N
1743 4984 1832 5028 coacta
1855 4978 1917 5044 gelu
1935 4987 1961 5029 et

302 5061 338 5112 sic
355 5061 409 5125 Nn,
428 5067 548 5112 concreta
565 5060 637 5127 gelu:
657 5060 676 5110 it
694 5056 821 5109 Btteheler
839 5056 906 5120 olim,
925 5056 994 5122 qaod
1011 5055 1096 5106 hiatus
1114 5057 1174 5106 talis
1191 5073 1272 5107 unam
1293 5059 1365 5122 epact
1382 5057 1464 5110 Dran.
1481 5069 1543 5112 esset
1567 5062 1724 5128 cecropiam,⁸
1746 5073 1880 5132 compacta
1898 5066 1960 5131 gelu

303 5155 343 5200 set
364 5147 496 5212 narrem,
522 5153 592 5199 stant
616 5153 710 5198 cuneta
733 5145 795 5210 gelu
816 5160 865 5194 nec
887 5143 939 5194 Leo
1026 5142 1146 5207 tenrptovi
1166 5143 1235 5195 leucae
1261 5143 1377 5196 ordinem
1399 5146 1448 5198 hoc
1465 5163 1489 5214 p.
1508 5148 1592 5199 audax
1615 5151 1636 5200 it
1658 5150 1752 5218 magia:
1779 5167 1886 5204 accessu
1909 5169 1959 5218 eqo.

339 5233 388 5286 177
407 5235 470 5286 ooeh
488 5234 550 5297 (hoe
567 5232 676 5298 deletae)
695 5231 790 5284 colchis
807 5229 839 5280 N

408 5365 1037 5436 14517511.11,4115111501...11551
1127 5367 1175 5422 147
1193 5385 1233 5436 sq.
1251 5367 1286 5433 ef.
1303 5369 1381 5436 Aeqr.
1401 5368 1478 5423 Pcrd.
1492 5377 1525 5423 11
1537 5386 1590 5438 sqq.
1684 5371 1734 5426 156
1752 5373 1786 5438 es.
1806 5373 1848 5426 Vl
1865 5381 1958 5443 tosqq.

340 5473 391 5529 158
409 5473 447 5527 ad
468 5473 552 5528 Oreat.
572 5479 619 5528 792
690 5471 739 5527 165
759 5470 825 5525 Stat.
843 5471 921 5526 Theb.
935 5479 956 5536 1,
969 5477 1019 5524 292
1032 5469 1143 5542 inpiger
1155 5471 1214 5526 ales
1286 5473 1333 5528 171
1352 5471 1386 5538 cf.
1400 5471 1509 5528 Mean.
1521 5481 1544 5541 5,
1558 5479 1609 5528 436
1677 5474 1802 5528 nondam
1818 5475 1960 5532 masmae

306 5575 457 5632 Colchidcm
473 5578 556 5647 pineta
572 5577 701 5646 meantem
780 5577 829 5632 172
847 5575 988 5642 Lacerat,
1006 5583 1034 5630 17
1050 5575 1148 5630 bruma
1166 5575 1261 5646 rigens
1345 5577 1394 5632 175
1417 5575 1514 5632 Claud.
1528 5583 1599 5645 33,9
1617 5579 1770 5634 adventurn
1788 5582 1894 5637 testata
1913 5583 1959 5638 dei

341 5683 390 5744 176
405 5682 478 5761 Verq.
488 5682 557 5737 Aac.
567 5689 590 5750 3,
601 5689 649 5737 191
663 5680 857 5742 caeruleus...
871 5679 960 5741 imber
972 5682 1062 5754 (5,10)
1134 5682 1183 5739 177
1196 5679 1302 5736 Laco-a.
1313 5691 1334 5756 1,
1345 5691 1397 5738 116
1408 5701 1464 5742 uon
1477 5681 1573 5742 mitior
1584 5699 1633 5740 ara
1645 5681 1753 5740 Dianae
1766 5683 1862 5754 (Dran.
1871 5685 1960 5760 V139)
