<?xml version="1.0" encoding="UTF-8"?>
<!DOCTYPE html PUBLIC "-//W3C//DTD XHTML 1.0 Transitional//EN"
    "http://www.w3.org/TR/xhtml1/DTD/xhtml1-transitional.dtd">
<html xmlns="http://www.w3.org/1999/xhtml" xml:lang="en" lang="en">
 <head>
  <title>
</title>
<meta http-equiv="Content-Type" content="text/html;charset=utf-8" />
  <meta name='ocr-system' content='tesseract 3.04.00' />
  <meta name='ocr-capabilities' content='ocr_page ocr_carea ocr_par ocr_line ocrx_word'/>
</head>
<body>
  <div class='ocr_page' id='page_1' title='image "./monumentagerman05unkngoog/monumentagerman05unkngoog_0112.png"; bbox 0 0 4554 6396; ppageno 0'>
   <div class='ocr_carea' id='block_1_1' title="bbox 794 343 1240 404">
    <p class='ocr_par' dir='ltr' id='par_1_1' title="bbox 794 343 1240 404">
     <span class='ocr_line' id='line_1_1' title="bbox 794 343 1240 404; baseline -0.009 -1"><span class='ocrx_word' id='word_1_1' title='bbox 794 346 948 404; x_wconf 65' lang='lat' dir='ltr'><strong>aventin</strong></span> <span class='ocrx_word' id='word_1_2' title='bbox 983 343 1240 400; x_wconf 77' lang='lat' dir='ltr'><strong>HEXAEMERON</strong></span> 
     </span>
    </p>
   </div>
   <div class='ocr_carea' id='block_1_2' title="bbox 444 519 1566 3720">
    <p class='ocr_par' dir='ltr' id='par_1_2' title="bbox 444 519 1566 3720">
     <span class='ocr_line' id='line_1_2' title="bbox 601 519 1414 612; baseline -0.007 -21"><span class='ocrx_word' id='word_1_3' title='bbox 601 529 635 591; x_wconf 87' lang='lat' dir='ltr'><strong>ct</strong></span> <span class='ocrx_word' id='word_1_4' title='bbox 656 529 758 610; x_wconf 88' lang='lat' dir='ltr'><strong>neget</strong></span> <span class='ocrx_word' id='word_1_5' title='bbox 783 531 841 590; x_wconf 90' lang='lat' dir='ltr'><strong>aut</strong></span> <span class='ocrx_word' id='word_1_6' title='bbox 864 523 1003 612; x_wconf 79' lang='lat' dir='ltr'>spondet</span> <span class='ocrx_word' id='word_1_7' title='bbox 1025 523 1186 589; x_wconf 83' lang='lat' dir='ltr'><strong>uicturum</strong></span> <span class='ocrx_word' id='word_1_8' title='bbox 1210 519 1318 586; x_wconf 89' lang='lat' dir='ltr'><strong>iudice</strong></span> <span class='ocrx_word' id='word_1_9' title='bbox 1342 520 1414 585; x_wconf 85' lang='lat' dir='ltr'><strong>visu</strong></span> 
     </span>
     <span class='ocr_line' id='line_1_3' title="bbox 444 623 1418 714; baseline -0.004 -19"><span class='ocrx_word' id='word_1_10' title='bbox 444 629 497 687; x_wconf 83' lang='lat'><strong>400</strong></span> <span class='ocrx_word' id='word_1_11' title='bbox 601 629 713 695; x_wconf 92' lang='lat' dir='ltr'><strong>taedia</strong></span> <span class='ocrx_word' id='word_1_12' title='bbox 734 629 880 696; x_wconf 88' lang='lat' dir='ltr'><strong>laetitiae</strong></span> <span class='ocrx_word' id='word_1_13' title='bbox 904 629 958 695; x_wconf 81' lang='lat' dir='ltr'><strong>vel</strong></span> <span class='ocrx_word' id='word_1_14' title='bbox 982 627 1103 714; x_wconf 86' lang='lat' dir='ltr'><strong>gaudia</strong></span> <span class='ocrx_word' id='word_1_15' title='bbox 1124 625 1267 692; x_wconf 87' lang='lat' dir='ltr'><strong>luctibus</strong></span> <span class='ocrx_word' id='word_1_16' title='bbox 1291 623 1418 692; x_wconf 90' lang='lat' dir='ltr'><strong>indens.</strong></span> 
     </span>
     <span class='ocr_line' id='line_1_4' title="bbox 601 729 1440 821; baseline -0.006 -21"><span class='ocrx_word' id='word_1_17' title='bbox 601 755 659 800; x_wconf 89' lang='lat' dir='ltr'><strong>cur</strong></span> <span class='ocrx_word' id='word_1_18' title='bbox 682 733 836 821; x_wconf 83' lang='lat' dir='ltr'><strong>exempla</strong></span> <span class='ocrx_word' id='word_1_19' title='bbox 861 732 975 798; x_wconf 89' lang='lat' dir='ltr'><strong>damus</strong></span> <span class='ocrx_word' id='word_1_20' title='bbox 997 732 1111 818; x_wconf 93' lang='lat' dir='ltr'><strong>populi</strong></span> <span class='ocrx_word' id='word_1_21' title='bbox 1133 731 1298 818; x_wconf 78' lang='lat' dir='ltr'>praescire</span> <span class='ocrx_word' id='word_1_22' title='bbox 1320 729 1440 814; x_wconf 88' lang='lat' dir='ltr'><strong>futura,</strong></span> 
     </span>
     <span class='ocr_line' id='line_1_5' title="bbox 535 833 1486 920; baseline -0.005 -17"><span class='ocrx_word' id='word_1_23' title='bbox 535 851 573 894; x_wconf 76' lang='lat'><strong>⁵²⁰</strong></span> <span class='ocrx_word' id='word_1_24' title='bbox 603 859 676 903; x_wconf 90' lang='lat' dir='ltr'><strong>cum</strong></span> <span class='ocrx_word' id='word_1_25' title='bbox 700 843 844 904; x_wconf 88' lang='lat' dir='ltr'><strong>testante</strong></span> <span class='ocrx_word' id='word_1_26' title='bbox 867 837 929 903; x_wconf 92' lang='lat' dir='ltr'><strong>deo</strong></span> <span class='ocrx_word' id='word_1_27' title='bbox 952 836 1108 902; x_wconf 87' lang='lat' dir='ltr'><strong>doceatur</strong></span> <span class='ocrx_word' id='word_1_28' title='bbox 1130 856 1228 901; x_wconf 91' lang='lat' dir='ltr'><strong>nosse</strong></span> <span class='ocrx_word' id='word_1_29' title='bbox 1252 833 1340 920; x_wconf 94' lang='lat' dir='ltr'><strong>quod</strong></span> <span class='ocrx_word' id='word_1_30' title='bbox 1361 834 1486 900; x_wconf 78' lang='lat' dir='ltr'><strong>instat?</strong></span> 
     </span>
     <span class='ocr_line' id='line_1_6' title="bbox 601 938 1389 1028; baseline -0.004 -22"><span class='ocrx_word' id='word_1_31' title='bbox 601 940 700 1008; x_wconf 85' lang='lat' dir='ltr'><strong>‘natio</strong></span> <span class='ocrx_word' id='word_1_32' title='bbox 724 939 878 1028; x_wconf 81' lang='lat' dir='ltr'><strong>viperaa&#39;,</strong></span> <span class='ocrx_word' id='word_1_33' title='bbox 903 941 1032 1024; x_wconf 90' lang='lat' dir='ltr'><strong>clamat,</strong></span> <span class='ocrx_word' id='word_1_34' title='bbox 1054 938 1248 1004; x_wconf 79' lang='lat' dir='ltr'><strong>mortalibus</strong></span> <span class='ocrx_word' id='word_1_35' title='bbox 1273 939 1389 1024; x_wconf 90' lang='lat' dir='ltr'><strong>inquit,</strong></span> 
     </span>
     <span class='ocr_line' id='line_1_7' title="bbox 600 1040 1478 1133; baseline -0.003 -23"><span class='ocrx_word' id='word_1_36' title='bbox 600 1044 706 1132; x_wconf 84' lang='lat' dir='ltr'><strong>‘signa</strong></span> <span class='ocrx_word' id='word_1_37' title='bbox 728 1047 797 1133; x_wconf 95' lang='lat' dir='ltr'><strong>poli</strong></span> <span class='ocrx_word' id='word_1_38' title='bbox 819 1045 934 1126; x_wconf 88' lang='lat' dir='ltr'><strong>nostis,</strong></span> <span class='ocrx_word' id='word_1_39' title='bbox 957 1043 1148 1130; x_wconf 80' lang='lat' dir='ltr'><strong>praedicitis</strong></span> <span class='ocrx_word' id='word_1_40' title='bbox 1171 1043 1330 1108; x_wconf 86' lang='lat' dir='ltr'><strong>“inminet</strong></span> <span class='ocrx_word' id='word_1_41' title='bbox 1352 1040 1478 1108; x_wconf 82' lang='lat' dir='ltr'><strong>imber&#39;&#39;</strong></span> 
     </span>
     <span class='ocr_line' id='line_1_8' title="bbox 446 1143 1465 1217; baseline -0.005 0"><span class='ocrx_word' id='word_1_42' title='bbox 446 1150 498 1206; x_wconf 82' lang='lat'><strong>405</strong></span> <span class='ocrx_word' id='word_1_43' title='bbox 604 1156 637 1217; x_wconf 91' lang='lat' dir='ltr'><strong>et</strong></span> <span class='ocrx_word' id='word_1_44' title='bbox 659 1150 770 1216; x_wconf 84' lang='lat' dir='ltr'><strong>veniet</strong></span> <span class='ocrx_word' id='word_1_45' title='bbox 792 1170 853 1215; x_wconf 92' lang='lat' dir='ltr'><strong>nee</strong></span> <span class='ocrx_word' id='word_1_46' title='bbox 876 1148 960 1213; x_wconf 89' lang='lat' dir='ltr'><strong>fallit</strong></span> <span class='ocrx_word' id='word_1_47' title='bbox 982 1148 1088 1212; x_wconf 89' lang='lat' dir='ltr'><strong>hiems</strong></span> <span class='ocrx_word' id='word_1_48' title='bbox 1109 1167 1170 1212; x_wconf 91' lang='lat' dir='ltr'><strong>nec</strong></span> <span class='ocrx_word' id='word_1_49' title='bbox 1193 1146 1302 1212; x_wconf 90' lang='lat' dir='ltr'><strong>tardat</strong></span> <span class='ocrx_word' id='word_1_50' title='bbox 1325 1143 1465 1214; x_wconf 65' lang='lat' dir='ltr'><strong>edesse?</strong></span> 
     </span>
     <span class='ocr_line' id='line_1_9' title="bbox 604 1251 1460 1340; baseline -0.004 -20"><span class='ocrx_word' id='word_1_51' title='bbox 604 1276 682 1320; x_wconf 89' lang='lat' dir='ltr'><strong>ecce</strong></span> <span class='ocrx_word' id='word_1_52' title='bbox 706 1276 810 1340; x_wconf 88' lang='lat' dir='ltr'><strong>genus</strong></span> <span class='ocrx_word' id='word_1_53' title='bbox 834 1254 1001 1318; x_wconf 88' lang='lat' dir='ltr'><strong>hominum</strong></span> <span class='ocrx_word' id='word_1_54' title='bbox 1025 1257 1164 1318; x_wconf 87' lang='lat' dir='ltr'><strong>ventura</strong></span> <span class='ocrx_word' id='word_1_55' title='bbox 1188 1252 1272 1316; x_wconf 88' lang='lat' dir='ltr'><strong>scire</strong></span> <span class='ocrx_word' id='word_1_56' title='bbox 1295 1251 1460 1338; x_wconf 87' lang='lat' dir='ltr'><strong>probatur.</strong></span> 
     </span>
     <span class='ocr_line' id='line_1_10' title="bbox 534 1355 1448 1442; baseline -0.003 -19"><span class='ocrx_word' id='word_1_57' title='bbox 534 1372 573 1412; x_wconf 79' lang='grc'><strong>555</strong></span> <span class='ocrx_word' id='word_1_58' title='bbox 603 1379 665 1425; x_wconf 91' lang='lat' dir='ltr'><strong>nec</strong></span> <span class='ocrx_word' id='word_1_59' title='bbox 688 1359 817 1439; x_wconf 87' lang='lat' dir='ltr'><strong>mirum,</strong></span> <span class='ocrx_word' id='word_1_60' title='bbox 842 1357 964 1423; x_wconf 78' lang='lat' dir='ltr'><strong>Christi</strong></span> <span class='ocrx_word' id='word_1_61' title='bbox 987 1357 1015 1422; x_wconf 90' lang='lat' dir='ltr'><strong>si</strong></span> <span class='ocrx_word' id='word_1_62' title='bbox 1039 1357 1141 1422; x_wconf 85' lang='lat' dir='ltr'><strong>sentit</strong></span> <span class='ocrx_word' id='word_1_63' title='bbox 1162 1357 1271 1442; x_wconf 81' lang='lat' dir='ltr'><strong>imago</strong></span> <span class='ocrx_word' id='word_1_64' title='bbox 1294 1355 1448 1438; x_wconf 89' lang='lat' dir='ltr'><strong>futurum,</strong></span> 
     </span>
     <span class='ocr_line' id='line_1_11' title="bbox 607 1460 1461 1528; baseline -0.005 0"><span class='ocrx_word' id='word_1_65' title='bbox 607 1483 680 1528; x_wconf 90' lang='lat' dir='ltr'><strong>eum</strong></span> <span class='ocrx_word' id='word_1_66' title='bbox 704 1484 763 1528; x_wconf 92' lang='lat' dir='ltr'><strong>nos</strong></span> <span class='ocrx_word' id='word_1_67' title='bbox 787 1468 961 1528; x_wconf 85' lang='lat' dir='ltr'><strong>venturum</strong></span> <span class='ocrx_word' id='word_1_68' title='bbox 984 1466 1141 1526; x_wconf 88' lang='lat' dir='ltr'><strong>moneant</strong></span> <span class='ocrx_word' id='word_1_69' title='bbox 1164 1460 1318 1524; x_wconf 92' lang='lat' dir='ltr'><strong>animalia</strong></span> <span class='ocrx_word' id='word_1_70' title='bbox 1341 1460 1461 1525; x_wconf 92' lang='lat' dir='ltr'><strong>multa:</strong></span> 
     </span>
     <span class='ocr_line' id='line_1_12' title="bbox 605 1563 1388 1634; baseline -0.004 -2"><span class='ocrx_word' id='word_1_71' title='bbox 605 1567 706 1634; x_wconf 89' lang='lat' dir='ltr'><strong>ardea</strong></span> <span class='ocrx_word' id='word_1_72' title='bbox 727 1588 807 1633; x_wconf 88' lang='lat' dir='ltr'><strong>rana</strong></span> <span class='ocrx_word' id='word_1_73' title='bbox 831 1587 907 1632; x_wconf 91' lang='lat' dir='ltr'><strong>sues</strong></span> <span class='ocrx_word' id='word_1_74' title='bbox 930 1566 1087 1632; x_wconf 75' lang='lat' dir='ltr'><strong>formicae</strong></span> <span class='ocrx_word' id='word_1_75' title='bbox 1112 1585 1227 1630; x_wconf 89' lang='lat' dir='ltr'><strong>corvus</strong></span> <span class='ocrx_word' id='word_1_76' title='bbox 1250 1563 1388 1629; x_wconf 89' lang='lat' dir='ltr'><strong>hirundo</strong></span> 
     </span>
     <span class='ocr_line' id='line_1_13' title="bbox 449 1668 1469 1760; baseline 0.008 -33"><span class='ocrx_word' id='word_1_77' title='bbox 449 1671 502 1729; x_wconf 83' lang='lat'><strong>410</strong></span> <span class='ocrx_word' id='word_1_78' title='bbox 607 1672 801 1760; x_wconf 89' lang='lat' dir='ltr'><strong>praedicunt</strong></span> <span class='ocrx_word' id='word_1_79' title='bbox 821 1671 948 1758; x_wconf 88' lang='lat' dir='ltr'><strong>pluvias</strong></span> <span class='ocrx_word' id='word_1_80' title='bbox 970 1690 1033 1736; x_wconf 91' lang='lat' dir='ltr'><strong>neo</strong></span> <span class='ocrx_word' id='word_1_81' title='bbox 1056 1671 1122 1734; x_wconf 90' lang='lat' dir='ltr'><strong>iam</strong></span> <span class='ocrx_word' id='word_1_82' title='bbox 1145 1669 1318 1756; x_wconf 81' lang='lat' dir='ltr'><strong>praesagia</strong></span> <span class='ocrx_word' id='word_1_83' title='bbox 1341 1668 1469 1736; x_wconf 90' lang='lat' dir='ltr'><strong>fallunt.</strong></span> 
     </span>
     <span class='ocr_line' id='line_1_14' title="bbox 605 1772 1454 1863; baseline -0.006 -21"><span class='ocrx_word' id='word_1_84' title='bbox 605 1775 684 1863; x_wconf 90' lang='lat' dir='ltr'><strong>quid</strong></span> <span class='ocrx_word' id='word_1_85' title='bbox 707 1797 760 1842; x_wconf 89' lang='lat' dir='ltr'><strong>res</strong></span> <span class='ocrx_word' id='word_1_86' title='bbox 784 1776 964 1854; x_wconf 86' lang='lat' dir='ltr'><strong>exanimes,</strong></span> <span class='ocrx_word' id='word_1_87' title='bbox 988 1779 1113 1840; x_wconf 78' lang='lat' dir='ltr'><strong>testas?</strong></span> <span class='ocrx_word' id='word_1_88' title='bbox 1158 1772 1295 1840; x_wconf 77' lang='lat' dir='ltr'><strong>ardente</strong></span> <span class='ocrx_word' id='word_1_89' title='bbox 1318 1775 1454 1838; x_wconf 90' lang='lat' dir='ltr'><strong>lucerne</strong></span> 
     </span>
     <span class='ocr_line' id='line_1_15' title="bbox 537 1877 1460 1965; baseline -0.004 -19"><span class='ocrx_word' id='word_1_90' title='bbox 537 1894 576 1936; x_wconf 78' lang='grc'><strong>555</strong></span> <span class='ocrx_word' id='word_1_91' title='bbox 606 1881 787 1946; x_wconf 76' lang='lat' dir='ltr'><strong>scintillare</strong></span> <span class='ocrx_word' id='word_1_92' title='bbox 810 1881 920 1946; x_wconf 90' lang='lat' dir='ltr'><strong>oleum</strong></span> <span class='ocrx_word' id='word_1_93' title='bbox 943 1878 1053 1965; x_wconf 85' lang='lat' dir='ltr'><strong>fungis</strong></span> <span class='ocrx_word' id='word_1_94' title='bbox 1078 1877 1302 1944; x_wconf 78' lang='lat' dir='ltr'><strong>crescentibus</strong></span> <span class='ocrx_word' id='word_1_95' title='bbox 1326 1877 1460 1963; x_wconf 80' lang='lat' dir='ltr'><strong>ignem?</strong></span> 
     </span>
     <span class='ocr_line' id='line_1_16' title="bbox 606 1981 1432 2070; baseline -0.006 -19"><span class='ocrx_word' id='word_1_96' title='bbox 606 2007 648 2051; x_wconf 88' lang='lat' dir='ltr'><strong>en</strong></span> <span class='ocrx_word' id='word_1_97' title='bbox 671 1984 751 2050; x_wconf 89' lang='lat' dir='ltr'><strong>deus</strong></span> <span class='ocrx_word' id='word_1_98' title='bbox 774 1984 979 2070; x_wconf 90' lang='lat' dir='ltr'><strong>omnipotens</strong></span> <span class='ocrx_word' id='word_1_99' title='bbox 1002 1989 1115 2069; x_wconf 89' lang='lat' dir='ltr'><strong>posset</strong></span> <span class='ocrx_word' id='word_1_100' title='bbox 1136 1983 1263 2048; x_wconf 87' lang='lat' dir='ltr'><strong>nescire</strong></span> <span class='ocrx_word' id='word_1_101' title='bbox 1286 1981 1432 2048; x_wconf 89' lang='lat' dir='ltr'><strong>latebras</strong></span> 
     </span>
     <span class='ocr_line' id='line_1_17' title="bbox 605 2087 1385 2176; baseline -0.004 -21"><span class='ocrx_word' id='word_1_102' title='bbox 605 2091 696 2176; x_wconf 89' lang='lat' dir='ltr'><strong>rupis</strong></span> <span class='ocrx_word' id='word_1_103' title='bbox 721 2095 754 2156; x_wconf 90' lang='lat' dir='ltr'><strong>et</strong></span> <span class='ocrx_word' id='word_1_104' title='bbox 777 2111 820 2155; x_wconf 89' lang='lat' dir='ltr'><strong>ex</strong></span> <span class='ocrx_word' id='word_1_105' title='bbox 842 2089 928 2154; x_wconf 91' lang='lat' dir='ltr'><strong>foliis</strong></span> <span class='ocrx_word' id='word_1_106' title='bbox 951 2089 1050 2154; x_wconf 86' lang='lat' dir='ltr'><strong>sestis</strong></span> <span class='ocrx_word' id='word_1_107' title='bbox 1076 2093 1232 2153; x_wconf 86' lang='lat' dir='ltr'><strong>contexta</strong></span> <span class='ocrx_word' id='word_1_108' title='bbox 1254 2087 1385 2153; x_wconf 89' lang='lat' dir='ltr'><strong>caducis</strong></span> 
     </span>
     <span class='ocr_line' id='line_1_18' title="bbox 449 2193 1378 2282; baseline -0.004 -21"><span class='ocrx_word' id='word_1_109' title='bbox 449 2196 502 2252; x_wconf 83' lang='lat'><strong>415</strong></span> <span class='ocrx_word' id='word_1_110' title='bbox 607 2200 760 2282; x_wconf 89' lang='lat' dir='ltr'><strong>aspectus</strong></span> <span class='ocrx_word' id='word_1_111' title='bbox 784 2193 914 2260; x_wconf 88' lang='lat' dir='ltr'><strong>obstare</strong></span> <span class='ocrx_word' id='word_1_112' title='bbox 937 2193 1013 2259; x_wconf 78' lang='lat' dir='ltr'><strong>dei?</strong></span> <span class='ocrx_word' id='word_1_113' title='bbox 1038 2199 1115 2258; x_wconf 89' lang='lat' dir='ltr'><strong>tune</strong></span> <span class='ocrx_word' id='word_1_114' title='bbox 1138 2213 1218 2258; x_wconf 84' lang='lat' dir='ltr'><strong>voce</strong></span> <span class='ocrx_word' id='word_1_115' title='bbox 1241 2197 1378 2278; x_wconf 86' lang='lat' dir='ltr'><strong>reatum,</strong></span> 
     </span>
     <span class='ocr_line' id='line_1_19' title="bbox 607 2297 1373 2384; baseline -0.003 -20"><span class='ocrx_word' id='word_1_116' title='bbox 607 2299 742 2365; x_wconf 90' lang='lat' dir='ltr'><strong>crimine</strong></span> <span class='ocrx_word' id='word_1_117' title='bbox 764 2299 907 2365; x_wconf 91' lang='lat' dir='ltr'><strong>femineo</strong></span> <span class='ocrx_word' id='word_1_118' title='bbox 931 2304 1037 2364; x_wconf 91' lang='lat' dir='ltr'><strong>semet</strong></span> <span class='ocrx_word' id='word_1_119' title='bbox 1058 2318 1227 2384; x_wconf 85' lang='lat' dir='ltr'><strong>peccasse,</strong></span> <span class='ocrx_word' id='word_1_120' title='bbox 1250 2297 1373 2363; x_wconf 85' lang='lat' dir='ltr'><strong>fatetur</strong></span> 
     </span>
     <span class='ocr_line' id='line_1_20' title="bbox 538 2401 1399 2489; baseline -0.001 -20"><span class='ocrx_word' id='word_1_121' title='bbox 538 2417 577 2459; x_wconf 81' lang='grc'><strong>555</strong></span> <span class='ocrx_word' id='word_1_122' title='bbox 607 2403 723 2470; x_wconf 84' lang='lat' dir='ltr'><strong>infelix</strong></span> <span class='ocrx_word' id='word_1_123' title='bbox 746 2405 882 2480; x_wconf 77' lang='lat' dir='ltr'><strong>coniux3</strong></span> <span class='ocrx_word' id='word_1_124' title='bbox 906 2403 940 2468; x_wconf 91' lang='lat' dir='ltr'><strong>in</strong></span> <span class='ocrx_word' id='word_1_125' title='bbox 962 2403 1102 2489; x_wconf 81' lang='lat' dir='ltr'><strong>coniuge</strong></span> <span class='ocrx_word' id='word_1_126' title='bbox 1126 2404 1214 2468; x_wconf 88' lang='lat' dir='ltr'><strong>facta</strong></span> <span class='ocrx_word' id='word_1_127' title='bbox 1236 2401 1399 2468; x_wconf 88' lang='lat' dir='ltr'><strong>redundat</strong></span> 
     </span>
     <span class='ocr_line' id='line_1_21' title="bbox 606 2506 1434 2595; baseline -0.004 -20"><span class='ocrx_word' id='word_1_128' title='bbox 606 2514 641 2575; x_wconf 90' lang='lat' dir='ltr'><strong>et</strong></span> <span class='ocrx_word' id='word_1_129' title='bbox 662 2530 739 2575; x_wconf 90' lang='lat' dir='ltr'><strong>reus</strong></span> <span class='ocrx_word' id='word_1_130' title='bbox 763 2513 908 2590; x_wconf 82' lang='lat' dir='ltr'><strong>excusat,</strong></span> <span class='ocrx_word' id='word_1_131' title='bbox 933 2507 992 2574; x_wconf 91' lang='lat' dir='ltr'><strong>sed</strong></span> <span class='ocrx_word' id='word_1_132' title='bbox 1016 2528 1080 2573; x_wconf 93' lang='lat' dir='ltr'><strong>non</strong></span> <span class='ocrx_word' id='word_1_133' title='bbox 1102 2506 1291 2595; x_wconf 86' lang='lat' dir='ltr'><strong>purgandus</strong></span> <span class='ocrx_word' id='word_1_134' title='bbox 1314 2506 1434 2594; x_wconf 86' lang='lat' dir='ltr'><strong>agebat</strong></span> 
     </span>
     <span class='ocr_line' id='line_1_22' title="bbox 608 2611 1355 2700; baseline -0.004 -21"><span class='ocrx_word' id='word_1_135' title='bbox 608 2614 710 2679; x_wconf 88' lang='lat' dir='ltr'><strong>etsie</strong></span> <span class='ocrx_word' id='word_1_136' title='bbox 733 2613 928 2700; x_wconf 89' lang='lat' dir='ltr'><strong>participem</strong></span> <span class='ocrx_word' id='word_1_137' title='bbox 951 2619 1084 2699; x_wconf 87' lang='lat' dir='ltr'><strong>propter</strong></span> <span class='ocrx_word' id='word_1_138' title='bbox 1107 2612 1230 2677; x_wconf 83' lang='lat' dir='ltr'><strong>solacia</strong></span> <span class='ocrx_word' id='word_1_139' title='bbox 1253 2611 1355 2678; x_wconf 89' lang='lat' dir='ltr'><strong>cladis</strong></span> 
     </span>
     <span class='ocr_line' id='line_1_23' title="bbox 450 2715 1417 2803; baseline 0.006 -30"><span class='ocrx_word' id='word_1_140' title='bbox 450 2717 503 2774; x_wconf 80' lang='lat'><strong>420</strong></span> <span class='ocrx_word' id='word_1_141' title='bbox 607 2718 758 2783; x_wconf 90' lang='lat' dir='ltr'><strong>conscius</strong></span> <span class='ocrx_word' id='word_1_142' title='bbox 781 2716 921 2783; x_wconf 88' lang='lat' dir='ltr'><strong>adscivit</strong></span> <span class='ocrx_word' id='word_1_143' title='bbox 943 2717 1062 2796; x_wconf 89' lang='lat' dir='ltr'><strong>socius,</strong></span> <span class='ocrx_word' id='word_1_144' title='bbox 1086 2737 1148 2782; x_wconf 89' lang='lat' dir='ltr'><strong>ceu</strong></span> <span class='ocrx_word' id='word_1_145' title='bbox 1171 2715 1292 2781; x_wconf 89' lang='lat' dir='ltr'><strong>femina</strong></span> <span class='ocrx_word' id='word_1_146' title='bbox 1313 2716 1417 2803; x_wconf 88' lang='lat' dir='ltr'><strong>possit</strong></span> 
     </span>
     <span class='ocr_line' id='line_1_24' title="bbox 606 2819 1500 2906; baseline -0.003 -19"><span class='ocrx_word' id='word_1_147' title='bbox 606 2821 648 2888; x_wconf 88' lang='lat' dir='ltr'><strong>ad</strong></span> <span class='ocrx_word' id='word_1_148' title='bbox 673 2822 780 2887; x_wconf 90' lang='lat' dir='ltr'><strong>scelus</strong></span> <span class='ocrx_word' id='word_1_149' title='bbox 803 2819 1003 2886; x_wconf 90' lang='lat' dir='ltr'><strong>horrendum</strong></span> <span class='ocrx_word' id='word_1_150' title='bbox 1025 2821 1079 2887; x_wconf 83' lang='lat' dir='ltr'><strong>vel</strong></span> <span class='ocrx_word' id='word_1_151' title='bbox 1102 2841 1202 2886; x_wconf 80' lang='lat' dir='ltr'><strong>saera</strong></span> <span class='ocrx_word' id='word_1_152' title='bbox 1224 2821 1355 2906; x_wconf 87' lang='lat' dir='ltr'><strong>piacula</strong></span> <span class='ocrx_word' id='word_1_153' title='bbox 1376 2820 1500 2885; x_wconf 90' lang='lat' dir='ltr'><strong>mortis.</strong></span> 
     </span>
     <span class='ocr_line' id='line_1_25' title="bbox 538 2925 1329 3014; baseline -0.001 -24"><span class='ocrx_word' id='word_1_154' title='bbox 538 2941 577 2980; x_wconf 75' lang='lat'><strong>⁵¹⁰</strong></span> <span class='ocrx_word' id='word_1_155' title='bbox 606 2926 764 3014; x_wconf 91' lang='lat' dir='ltr'><strong>supplicio</strong></span> <span class='ocrx_word' id='word_1_156' title='bbox 789 2926 935 2991; x_wconf 89' lang='lat' dir='ltr'><strong>sociante</strong></span> <span class='ocrx_word' id='word_1_157' title='bbox 959 2925 1041 2990; x_wconf 94' lang='lat' dir='ltr'><strong>duos</strong></span> <span class='ocrx_word' id='word_1_158' title='bbox 1065 2925 1211 2991; x_wconf 88' lang='lat' dir='ltr'><strong>relevare</strong></span> <span class='ocrx_word' id='word_1_159' title='bbox 1236 2931 1329 2989; x_wconf 87' lang='lat' dir='ltr'><strong>reatu</strong></span> 
     </span>
     <span class='ocr_line' id='line_1_26' title="bbox 609 3027 1414 3114; baseline -0.002 -19"><span class='ocrx_word' id='word_1_160' title='bbox 609 3029 747 3095; x_wconf 92' lang='lat' dir='ltr'><strong>eredidit</strong></span> <span class='ocrx_word' id='word_1_161' title='bbox 768 3029 897 3111; x_wconf 86' lang='lat' dir='ltr'><strong>infelix,</strong></span> <span class='ocrx_word' id='word_1_162' title='bbox 921 3028 980 3094; x_wconf 90' lang='lat' dir='ltr'><strong>sed</strong></span> <span class='ocrx_word' id='word_1_163' title='bbox 1003 3049 1063 3114; x_wconf 90' lang='lat' dir='ltr'><strong>par</strong></span> <span class='ocrx_word' id='word_1_164' title='bbox 1085 3028 1249 3094; x_wconf 88' lang='lat' dir='ltr'><strong>sententia</strong></span> <span class='ocrx_word' id='word_1_165' title='bbox 1272 3027 1414 3110; x_wconf 91' lang='lat' dir='ltr'><strong>damnat,</strong></span> 
     </span>
     <span class='ocr_line' id='line_1_27' title="bbox 609 3132 1562 3221; baseline -0.003 -22"><span class='ocrx_word' id='word_1_166' title='bbox 609 3155 689 3221; x_wconf 93' lang='lat' dir='ltr'><strong>quos</strong></span> <span class='ocrx_word' id='word_1_167' title='bbox 712 3155 772 3221; x_wconf 89' lang='lat' dir='ltr'><strong>par</strong></span> <span class='ocrx_word' id='word_1_168' title='bbox 795 3133 892 3220; x_wconf 90' lang='lat' dir='ltr'><strong>culpa</strong></span> <span class='ocrx_word' id='word_1_169' title='bbox 914 3138 1024 3199; x_wconf 90' lang='lat' dir='ltr'><strong>tenet:</strong></span> <span class='ocrx_word' id='word_1_170' title='bbox 1048 3132 1169 3218; x_wconf 86' lang='lat' dir='ltr'><strong>gradus</strong></span> <span class='ocrx_word' id='word_1_171' title='bbox 1192 3133 1259 3198; x_wconf 90' lang='lat' dir='ltr'><strong>illic</strong></span> <span class='ocrx_word' id='word_1_172' title='bbox 1282 3133 1438 3219; x_wconf 89' lang='lat' dir='ltr'><strong>temporis</strong></span> <span class='ocrx_word' id='word_1_173' title='bbox 1462 3133 1562 3198; x_wconf 89' lang='lat' dir='ltr'><strong>inter-</strong></span> 
     </span>
     <span class='ocr_line' id='line_1_28' title="bbox 452 3237 1557 3323; baseline 0.001 -20"><span class='ocrx_word' id='word_1_174' title='bbox 452 3237 503 3291; x_wconf 77' lang='lat'><strong>425</strong></span> <span class='ocrx_word' id='word_1_175' title='bbox 608 3244 658 3303; x_wconf 91' lang='lat' dir='ltr'><strong>est</strong></span> <span class='ocrx_word' id='word_1_176' title='bbox 680 3243 818 3319; x_wconf 87' lang='lat' dir='ltr'><strong>tantum,</strong></span> <span class='ocrx_word' id='word_1_177' title='bbox 842 3259 918 3302; x_wconf 92' lang='lat' dir='ltr'><strong>nam</strong></span> <span class='ocrx_word' id='word_1_178' title='bbox 942 3257 1042 3302; x_wconf 90' lang='lat' dir='ltr'><strong>cansa</strong></span> <span class='ocrx_word' id='word_1_179' title='bbox 1065 3237 1145 3322; x_wconf 84' lang='lat' dir='ltr'><strong>ligat</strong></span> <span class='ocrx_word' id='word_1_180' title='bbox 1169 3238 1348 3303; x_wconf 90' lang='lat' dir='ltr'><strong>communis</strong></span> <span class='ocrx_word' id='word_1_181' title='bbox 1371 3243 1557 3323; x_wconf 88' lang='lat' dir='ltr'><strong>utrumque.</strong></span> 
     </span>
     <span class='ocr_line' id='line_1_29' title="bbox 609 3340 1280 3428; baseline -0.003 -20"><span class='ocrx_word' id='word_1_182' title='bbox 609 3343 757 3428; x_wconf 86' lang='lat' dir='ltr'><strong>exsurgit</strong></span> <span class='ocrx_word' id='word_1_183' title='bbox 780 3361 919 3408; x_wconf 90' lang='lat' dir='ltr'><strong>censura</strong></span> <span class='ocrx_word' id='word_1_184' title='bbox 942 3340 995 3407; x_wconf 93' lang='lat' dir='ltr'><strong>dei</strong></span> <span class='ocrx_word' id='word_1_185' title='bbox 1018 3341 1141 3428; x_wconf 86' lang='lat' dir='ltr'><strong>pietate</strong></span> <span class='ocrx_word' id='word_1_186' title='bbox 1164 3362 1280 3406; x_wconf 88' lang='lat' dir='ltr'><strong>severa</strong></span> 
     </span>
     <span class='ocr_line' id='line_1_30' title="bbox 540 3444 1400 3530; baseline -0.003 -18"><span class='ocrx_word' id='word_1_187' title='bbox 540 3461 577 3501; x_wconf 72' lang='lat'><strong>⁵⁴⁵</strong></span> <span class='ocrx_word' id='word_1_188' title='bbox 610 3452 643 3512; x_wconf 91' lang='lat' dir='ltr'><strong>et</strong></span> <span class='ocrx_word' id='word_1_189' title='bbox 666 3448 753 3512; x_wconf 84' lang='lat' dir='ltr'><strong>vitae</strong></span> <span class='ocrx_word' id='word_1_190' title='bbox 776 3445 954 3530; x_wconf 88' lang='lat' dir='ltr'><strong>mortisque</strong></span> <span class='ocrx_word' id='word_1_191' title='bbox 978 3445 1075 3510; x_wconf 90' lang='lat' dir='ltr'><strong>simul</strong></span> <span class='ocrx_word' id='word_1_192' title='bbox 1098 3446 1263 3511; x_wconf 90' lang='lat' dir='ltr'><strong>sententia</strong></span> <span class='ocrx_word' id='word_1_193' title='bbox 1286 3444 1400 3511; x_wconf 89' lang='lat' dir='ltr'><strong>fertur.</strong></span> 
     </span>
     <span class='ocr_line' id='line_1_31' title="bbox 610 3549 1566 3637; baseline -0.002 -22"><span class='ocrx_word' id='word_1_194' title='bbox 610 3551 807 3637; x_wconf 89' lang='lat' dir='ltr'><strong>supplicium</strong></span> <span class='ocrx_word' id='word_1_195' title='bbox 831 3549 957 3631; x_wconf 81' lang='lat' dir='ltr'><strong>infelix,</strong></span> <span class='ocrx_word' id='word_1_196' title='bbox 981 3569 1044 3635; x_wconf 91' lang='lat' dir='ltr'><strong>quo</strong></span> <span class='ocrx_word' id='word_1_197' title='bbox 1068 3569 1154 3614; x_wconf 88' lang='lat' dir='ltr'><strong>mors</strong></span> <span class='ocrx_word' id='word_1_198' title='bbox 1177 3549 1272 3615; x_wconf 89' lang='lat' dir='ltr'><strong>detur</strong></span> <span class='ocrx_word' id='word_1_199' title='bbox 1295 3555 1393 3635; x_wconf 88' lang='lat' dir='ltr'><strong>atque</strong></span> <span class='ocrx_word' id='word_1_200' title='bbox 1417 3554 1566 3636; x_wconf 87' lang='lat' dir='ltr'><strong>negetur,</strong></span> 
     </span>
     <span class='ocr_line' id='line_1_32' title="bbox 608 3653 1296 3720; baseline -0.001 -1"><span class='ocrx_word' id='word_1_201' title='bbox 608 3655 689 3720; x_wconf 91' lang='lat' dir='ltr'><strong>ultio</strong></span> <span class='ocrx_word' id='word_1_202' title='bbox 713 3654 821 3720; x_wconf 84' lang='lat' dir='ltr'><strong>vitalis</strong></span> <span class='ocrx_word' id='word_1_203' title='bbox 845 3653 1017 3720; x_wconf 89' lang='lat' dir='ltr'><strong>cohibetur</strong></span> <span class='ocrx_word' id='word_1_204' title='bbox 1039 3653 1143 3719; x_wconf 91' lang='lat' dir='ltr'><strong>limite</strong></span> <span class='ocrx_word' id='word_1_205' title='bbox 1167 3654 1296 3719; x_wconf 90' lang='lat' dir='ltr'><strong>mortis:</strong></span> 
     </span>
    </p>
   </div>
   <div class='ocr_carea' id='block_1_3' title="bbox 194 3913 1857 4420">
    <p class='ocr_par' dir='ltr' id='par_1_3' title="bbox 194 3913 1857 4420">
     <span class='ocr_line' id='line_1_33' title="bbox 299 3913 1851 3986; baseline -0.001 -16"><span class='ocrx_word' id='word_1_206' title='bbox 299 3917 352 3970; x_wconf 80' lang='lat'><strong>399</strong></span> <span class='ocrx_word' id='word_1_207' title='bbox 369 3918 473 3986; x_wconf 88' lang='lat' dir='ltr'><strong>spondit</strong></span> <span class='ocrx_word' id='word_1_208' title='bbox 490 3915 519 3967; x_wconf 85' lang='lat' dir='ltr'><em>F</em></span> <span class='ocrx_word' id='word_1_209' title='bbox 617 3913 670 3968; x_wconf 85' lang='lat'><strong>405</strong></span> <span class='ocrx_word' id='word_1_210' title='bbox 687 3917 755 3968; x_wconf 88' lang='lat' dir='ltr'><strong>hiem</strong></span> <span class='ocrx_word' id='word_1_211' title='bbox 773 3915 807 3966; x_wconf 99' lang='lat' dir='ltr'><em>M</em></span> <span class='ocrx_word' id='word_1_212' title='bbox 908 3914 960 3967; x_wconf 89' lang='lat'><strong>414</strong></span> <span class='ocrx_word' id='word_1_213' title='bbox 978 3916 1063 3968; x_wconf 75' lang='lat' dir='ltr'><strong>nands</strong></span> <span class='ocrx_word' id='word_1_214' title='bbox 1081 3914 1116 3964; x_wconf 93' lang='lat' dir='ltr'><em>M</em></span> <span class='ocrx_word' id='word_1_215' title='bbox 1215 3913 1267 3968; x_wconf 88' lang='lat'><strong>415</strong></span> <span class='ocrx_word' id='word_1_216' title='bbox 1285 3916 1428 3983; x_wconf 81' lang='lat' dir='ltr'><strong>Adspsotus</strong></span> <span class='ocrx_word' id='word_1_217' title='bbox 1447 3915 1475 3980; x_wconf 92' lang='lat' dir='ltr'><strong>(d</strong></span> <span class='ocrx_word' id='word_1_218' title='bbox 1493 3917 1580 3984; x_wconf 64' lang='lat' dir='ltr'><strong>maso)</strong></span> <span class='ocrx_word' id='word_1_219' title='bbox 1599 3918 1634 3968; x_wconf 92' lang='lat' dir='ltr'><em>M</em></span> <span class='ocrx_word' id='word_1_220' title='bbox 1710 3921 1800 3972; x_wconf 81' lang='lat' dir='ltr'><strong>obtare</strong></span> <span class='ocrx_word' id='word_1_221' title='bbox 1818 3917 1851 3984; x_wconf 82' lang='lat' dir='ltr'><strong>F,</strong></span> 
     </span>
     <span class='ocr_line' id='line_1_34' title="bbox 194 4001 1856 4072; baseline -0.003 -14"><span class='ocrx_word' id='word_1_222' title='bbox 194 4008 316 4060; x_wconf 74' lang='lat' dir='ltr'><strong>hebetare</strong></span> <span class='ocrx_word' id='word_1_223' title='bbox 335 4005 361 4056; x_wconf 92' lang='lat' dir='ltr'><strong><em>P</em></strong></span> <span class='ocrx_word' id='word_1_224' title='bbox 425 4002 480 4056; x_wconf 84' lang='lat'><strong>418</strong></span> <span class='ocrx_word' id='word_1_225' title='bbox 498 4016 534 4056; x_wconf 88' lang='lat' dir='ltr'><strong>se·</strong></span> <span class='ocrx_word' id='word_1_226' title='bbox 552 4020 604 4054; x_wconf 88' lang='lat' dir='ltr'><strong>non</strong></span> <span class='ocrx_word' id='word_1_227' title='bbox 623 4003 661 4067; x_wconf 87' lang='grc' dir='ltr'><strong>Μ,</strong></span> <span class='ocrx_word' id='word_1_228' title='bbox 679 4011 718 4054; x_wconf 88' lang='lat' dir='ltr'><strong>sot</strong></span> <span class='ocrx_word' id='word_1_229' title='bbox 736 4020 787 4054; x_wconf 89' lang='lat' dir='ltr'><strong>non</strong></span> <span class='ocrx_word' id='word_1_230' title='bbox 806 4001 858 4054; x_wconf 85' lang='lat' dir='ltr'><strong>FP</strong></span> <span class='ocrx_word' id='word_1_231' title='bbox 924 4001 976 4054; x_wconf 82' lang='lat'><strong>419</strong></span> <span class='ocrx_word' id='word_1_232' title='bbox 994 4003 1093 4054; x_wconf 82' lang='lat' dir='ltr'><strong>solacia</strong></span> <span class='ocrx_word' id='word_1_233' title='bbox 1111 4003 1195 4053; x_wconf 87' lang='lat' dir='ltr'><strong>laudis</strong></span> <span class='ocrx_word' id='word_1_234' title='bbox 1212 4002 1247 4052; x_wconf 95' lang='grc' dir='ltr'><em>Μ</em></span> <span class='ocrx_word' id='word_1_235' title='bbox 1312 4001 1364 4054; x_wconf 77' lang='lat'><strong>420</strong></span> <span class='ocrx_word' id='word_1_236' title='bbox 1382 4004 1447 4054; x_wconf 88' lang='lat' dir='ltr'><strong>oehu</strong></span> <span class='ocrx_word' id='word_1_237' title='bbox 1466 4005 1494 4069; x_wconf 76' lang='lat' dir='ltr'><strong>(h</strong></span> <span class='ocrx_word' id='word_1_238' title='bbox 1513 4004 1602 4070; x_wconf 69' lang='lat' dir='ltr'><strong>maso)</strong></span> <span class='ocrx_word' id='word_1_239' title='bbox 1619 4005 1716 4057; x_wconf 82' lang='lat' dir='ltr'><strong>femina</strong></span> <span class='ocrx_word' id='word_1_240' title='bbox 1733 4007 1805 4072; x_wconf 87' lang='lat' dir='ltr'><strong>ponit</strong></span> <span class='ocrx_word' id='word_1_241' title='bbox 1823 4004 1856 4054; x_wconf 86' lang='lat' dir='ltr'><em>M</em></span> 
     </span>
     <span class='ocr_line' id='line_1_35' title="bbox 228 4087 1853 4161; baseline -0.001 -16"><span class='ocrx_word' id='word_1_242' title='bbox 228 4101 315 4161; x_wconf 85' lang='lat' dir='ltr'><strong>posset</strong></span> <span class='ocrx_word' id='word_1_243' title='bbox 332 4093 358 4144; x_wconf 93' lang='lat' dir='ltr'><strong><em>P</em></strong></span> <span class='ocrx_word' id='word_1_244' title='bbox 454 4087 503 4143; x_wconf 78' lang='lat'><strong>421</strong></span> <span class='ocrx_word' id='word_1_245' title='bbox 525 4091 716 4142; x_wconf 78' lang='lat' dir='ltr'><strong>abderama</strong></span> <span class='ocrx_word' id='word_1_246' title='bbox 733 4089 817 4141; x_wconf 67' lang='lat' dir='ltr'><strong>deuo</strong></span> <span class='ocrx_word' id='word_1_247' title='bbox 835 4098 990 4141; x_wconf 76' lang='lat' dir='ltr'><strong>succursum</strong></span> <span class='ocrx_word' id='word_1_248' title='bbox 1009 4089 1084 4152; x_wconf 80' lang='lat' dir='ltr'><strong>LQZ</strong></span> <span class='ocrx_word' id='word_1_249' title='bbox 1182 4091 1253 4142; x_wconf 84' lang='lat' dir='ltr'><strong>Adae</strong></span> <span class='ocrx_word' id='word_1_250' title='bbox 1272 4091 1356 4141; x_wconf 83' lang='lat' dir='ltr'><strong>scelus</strong></span> <span class='ocrx_word' id='word_1_251' title='bbox 1375 4090 1407 4154; x_wconf 87' lang='lat' dir='ltr'><strong>L,</strong></span> <span class='ocrx_word' id='word_1_252' title='bbox 1426 4093 1466 4142; x_wconf 79' lang='lat' dir='ltr'><strong>Ad</strong></span> <span class='ocrx_word' id='word_1_253' title='bbox 1484 4107 1512 4156; x_wconf 73' lang='lat' dir='ltr'><strong>aa</strong></span> <span class='ocrx_word' id='word_1_254' title='bbox 1530 4093 1601 4144; x_wconf 85' lang='lat' dir='ltr'><strong>celus</strong></span> <span class='ocrx_word' id='word_1_255' title='bbox 1621 4091 1650 4156; x_wconf 78' lang='lat' dir='ltr'><strong>Q,</strong></span> <span class='ocrx_word' id='word_1_256' title='bbox 1669 4093 1704 4144; x_wconf 75' lang='lat' dir='ltr'><strong>At</strong></span> <span class='ocrx_word' id='word_1_257' title='bbox 1721 4093 1805 4144; x_wconf 84' lang='lat' dir='ltr'><strong>scelus</strong></span> <span class='ocrx_word' id='word_1_258' title='bbox 1823 4091 1853 4153; x_wconf 84' lang='lat' dir='ltr'><strong>Z,</strong></span> 
     </span>
     <span class='ocr_line' id='line_1_36' title="bbox 195 4175 1857 4248; baseline -0.004 -15"><span class='ocrx_word' id='word_1_259' title='bbox 195 4199 281 4234; x_wconf 80' lang='lat' dir='ltr'><strong>munes</strong></span> <span class='ocrx_word' id='word_1_260' title='bbox 294 4189 404 4248; x_wconf 80' lang='lat' dir='ltr'><strong>propter</strong></span> <span class='ocrx_word' id='word_1_261' title='bbox 421 4196 543 4246; x_wconf 72' lang='lat' dir='ltr'><strong>mapsam</strong></span> <span class='ocrx_word' id='word_1_262' title='bbox 561 4179 635 4229; x_wconf 85' lang='lat' dir='ltr'><strong>illam</strong></span> <span class='ocrx_word' id='word_1_263' title='bbox 654 4179 776 4230; x_wconf 80' lang='lat' dir='ltr'><strong>lacunam</strong></span> <span class='ocrx_word' id='word_1_264' title='bbox 794 4186 920 4229; x_wconf 78' lang='lat' dir='ltr'><strong>mutantes</strong></span> <span class='ocrx_word' id='word_1_265' title='bbox 1009 4175 1060 4228; x_wconf 79' lang='lat'><strong>423</strong></span> <span class='ocrx_word' id='word_1_266' title='bbox 1078 4195 1139 4244; x_wconf 85' lang='lat' dir='ltr'><strong>pars</strong></span> <span class='ocrx_word' id='word_1_267' title='bbox 1157 4176 1238 4239; x_wconf 81' lang='lat' dir='ltr'><strong>MLQ</strong></span> <span class='ocrx_word' id='word_1_268' title='bbox 1323 4176 1375 4228; x_wconf 75' lang='lat'><strong>424</strong></span> <span class='ocrx_word' id='word_1_269' title='bbox 1393 4195 1451 4246; x_wconf 83' lang='lat' dir='ltr'><strong>pars</strong></span> <span class='ocrx_word' id='word_1_270' title='bbox 1470 4178 1518 4241; x_wconf 76' lang='lat' dir='ltr'><strong>LO</strong></span> <span class='ocrx_word' id='word_1_271' title='bbox 1587 4180 1708 4246; x_wconf 83' lang='lat' dir='ltr'><strong>temporis</strong></span> <span class='ocrx_word' id='word_1_272' title='bbox 1727 4179 1803 4230; x_wconf 84' lang='lat' dir='ltr'><strong>index</strong></span> <span class='ocrx_word' id='word_1_273' title='bbox 1823 4178 1857 4227; x_wconf 89' lang='lat' dir='ltr'><em>M</em></span> 
     </span>
     <span class='ocr_line' id='line_1_37' title="bbox 229 4262 1852 4335; baseline -0.002 -16"><span class='ocrx_word' id='word_1_274' title='bbox 229 4269 350 4335; x_wconf 81' lang='lat' dir='ltr'><strong>temporis</strong></span> <span class='ocrx_word' id='word_1_275' title='bbox 368 4269 474 4320; x_wconf 86' lang='lat' dir='ltr'><strong>interest</strong></span> <span class='ocrx_word' id='word_1_276' title='bbox 489 4263 492 4332; x_wconf 76' lang='grc' dir='ltr'>Ι</span> <span class='ocrx_word' id='word_1_277' title='bbox 506 4268 620 4318; x_wconf 87' lang='lat' dir='ltr'><strong>Tantum</strong></span> <span class='ocrx_word' id='word_1_278' title='bbox 639 4265 667 4316; x_wconf 83' lang='lat' dir='ltr'><em>F</em></span> <span class='ocrx_word' id='word_1_279' title='bbox 745 4262 796 4316; x_wconf 79' lang='grc'><strong>426</strong></span> <span class='ocrx_word' id='word_1_280' title='bbox 815 4266 930 4330; x_wconf 82' lang='lat' dir='ltr'><strong>Exurget</strong></span> <span class='ocrx_word' id='word_1_281' title='bbox 949 4263 998 4326; x_wconf 76' lang='lat' dir='ltr'><strong>LQ</strong></span> <span class='ocrx_word' id='word_1_282' title='bbox 1079 4262 1129 4316; x_wconf 73' lang='lat'><strong>421</strong></span> <span class='ocrx_word' id='word_1_283' title='bbox 1148 4264 1231 4332; x_wconf 66' lang='lat' dir='ltr'><strong>Ata,</strong></span> <span class='ocrx_word' id='word_1_284' title='bbox 1255 4266 1293 4316; x_wconf 80' lang='lat' dir='ltr'><strong>Ao</strong></span> <span class='ocrx_word' id='word_1_285' title='bbox 1311 4265 1369 4316; x_wconf 86' lang='lat' dir='ltr'><strong>edd.</strong></span> <span class='ocrx_word' id='word_1_286' title='bbox 1458 4263 1510 4317; x_wconf 78' lang='lat'><strong>428</strong></span> <span class='ocrx_word' id='word_1_287' title='bbox 1527 4283 1595 4318; x_wconf 86' lang='lat' dir='ltr'><strong>mors</strong></span> <span class='ocrx_word' id='word_1_288' title='bbox 1614 4267 1756 4330; x_wconf 85' lang='lat' dir='ltr'><strong>deutraqus</strong></span> <span class='ocrx_word' id='word_1_289' title='bbox 1774 4282 1852 4332; x_wconf 80' lang='lat' dir='ltr'><strong>nega-</strong></span> 
     </span>
     <span class='ocr_line' id='line_1_38' title="bbox 194 4349 566 4420; baseline -0.011 -11"><span class='ocrx_word' id='word_1_290' title='bbox 194 4365 237 4409; x_wconf 89' lang='lat' dir='ltr'><strong>tur</strong></span> <span class='ocrx_word' id='word_1_291' title='bbox 254 4355 330 4417; x_wconf 72' lang='lat' dir='ltr'><strong>LQZ</strong></span> <span class='ocrx_word' id='word_1_292' title='bbox 344 4353 395 4420; x_wconf 84' lang='lat' dir='ltr'><strong>(lu&#39;c</strong></span> <span class='ocrx_word' id='word_1_293' title='bbox 413 4349 566 4420; x_wconf 85' lang='lat' dir='ltr'><strong>deutroqua)</strong></span> 
     </span>
    </p>
   </div>
   <div class='ocr_carea' id='block_1_4' title="bbox 566 4495 608 4504">
    <p class='ocr_par' dir='ltr' id='par_1_4' title="bbox 566 4495 608 4504">
     <span class='ocr_line' id='line_1_39' title="bbox 566 4495 608 4504; baseline 0 0"><span class='ocrx_word' id='word_1_294' title='bbox 566 4495 608 4504; x_wconf 66' lang='lat'><strong>1—-</strong></span> 
     </span>
    </p>
   </div>
   <div class='ocr_carea' id='block_1_5' title="bbox 298 4609 1106 4681">
    <p class='ocr_par' dir='ltr' id='par_1_5' title="bbox 298 4609 1106 4681">
     <span class='ocr_line' id='line_1_40' title="bbox 298 4609 1106 4681; baseline -0.004 -14"><span class='ocrx_word' id='word_1_295' title='bbox 298 4611 351 4669; x_wconf 79' lang='lat'><strong>420</strong></span> <span class='ocrx_word' id='word_1_296' title='bbox 369 4610 458 4681; x_wconf 89' lang='lat' dir='ltr'><strong>possit</strong></span> <span class='ocrx_word' id='word_1_297' title='bbox 476 4610 513 4666; x_wconf 89' lang='lat' dir='ltr'><strong>ad</strong></span> <span class='ocrx_word' id='word_1_298' title='bbox 532 4611 611 4680; x_wconf 77' lang='lat' dir='ltr'><strong>quusi</strong></span> <span class='ocrx_word' id='word_1_299' title='bbox 628 4609 759 4666; x_wconf 79' lang='lat' dir='ltr'><strong>medicina</strong></span> <span class='ocrx_word' id='word_1_300' title='bbox 778 4612 862 4665; x_wconf 84' lang='lat' dir='ltr'><strong>caleat</strong></span> <span class='ocrx_word' id='word_1_301' title='bbox 881 4610 917 4664; x_wconf 84' lang='lat' dir='ltr'><strong>ud</strong></span> <span class='ocrx_word' id='word_1_302' title='bbox 934 4609 1106 4665; x_wconf 75' lang='lat' dir='ltr'><strong>relevandam</strong></span> 
     </span>
    </p>
   </div>
   <div class='ocr_carea' id='block_1_6' title="bbox 0 0 2291 6388">
    <p class='ocr_par' dir='ltr' id='par_1_6' title="bbox 0 0 2291 6388">
     <span class='ocr_line' id='line_1_41' title="bbox 0 0 2291 6388; baseline 0 0"><span class='ocrx_word' id='word_1_303' title='bbox 0 0 2291 6388; x_wconf 95' lang='lat' dir='ltr'><strong> </strong></span> 
     </span>
    </p>
   </div>
  </div>
 </body>
</html>
