4590 6390
998 385 1157 443 onustus

558 579 610 635 720
645 568 678 628 et
699 561 783 650 pede
808 569 931 630 tractus
955 569 1010 629 eat
1031 563 1102 630 iera
1124 565 1257 630 victima
1279 567 1367 652 regis
1383 565 1517 635 Atridis.

645 669 814 736 carnifices
837 669 989 756 frangant
1012 669 1186 736 durissima
1207 667 1352 736 membra
1376 691 1511 737 secures

645 779 679 838 et
700 779 816 860 pereat
838 780 948 861 pastor
971 794 1035 861 qua
1057 795 1170 860 regem
1193 781 1295 840 morte
1318 775 1474 862 peremit;

643 882 718 941 ante
743 883 855 944 tamen
877 884 1022 944 nostram
1046 876 1223 965 perfundat
1244 879 1403 965 sanguine
1427 879 1601 946 deutram.²

642 979 727 1047 dixit
749 987 784 1048 et
806 987 958 1048 exertum
983 982 1081 1046 costis
1105 982 1301 1048 inmerserat
1324 1003 1447 1049 ensem.

556 1099 607 1154 775
643 1085 756 1150 555515
777 1085 925 1151 membra
947 1084 1082 1152 trahunt
1105 1085 1217 1150 famuli
1239 1084 1324 1172 pede
1348 1087 1457 1152 vincla
1478 1087 1621 1172 ligantes

641 1195 778 1276 postque
800 1189 888 1255 fores
911 1195 1037 1277 portae,
1061 1189 1177 1275 quibus
1199 1196 1249 1254 est
1271 1195 1452 1276 prostratus
1467 1189 1611 1272 Atrides,

641 1293 769 1358 ossibus
792 1293 933 1359 effractis
956 1292 1107 1358 minuunt
1129 1313 1188 1380 per
1210 1293 1298 1358 mille
1322 1313 1465 1375 secures,

641 1399 675 1460 et
697 1396 781 1462 male
804 1397 939 1484 partitos
961 1415 1021 1483 per
1044 1395 1181 1462 vulnera
1203 1396 1343 1484 palpitat
1365 1402 1464 1462 artus.

640 1503 675 1564 at
697 1501 850 1586 genetrix
872 1499 974 1565 dilata
996 1504 1090 1587 putat
1113 1498 1174 1564 sibi
1197 1519 1334 1585 parcere
1357 1504 1468 1566 natum

553 1617 606 1676 730
641 1608 674 1669 51
696 1624 816 1670 secura
839 1604 889 1670 sui
912 1603 978 1670 iarn
1001 1624 1060 1690 pro
1083 1607 1217 1690 pastore
1241 1603 1388 1684 dolebat,

641 1728 715 1774 cum
739 1708 847 1774 subito
870 1709 1073 1775 truculentus
1100 1707 1195 1774 adest
1217 1709 1378 1775 inmanior
1400 1708 1494 1774 hoste

640 1813 754 1878 matris
777 1814 811 1878 in
835 1812 972 1879 exitium
994 1811 1189 1878 famulorum
1213 1813 1308 1879 nixus
1332 1812 1468 1879 Orestes

640 1917 771 2003 agmine
794 1916 957 2000 terribilis,
981 1918 1037 2004 qui
1060 1922 1190 2003 captam
1213 1918 1302 1984 crine
1325 1916 1476 1984 trahebat

639 2021 852 2109 increpitans:
874 2017 1008 2108 ‘inpune
1031 2025 1123 2087 tunm
1146 2027 1221 2108 post
1241 2019 1359 2088 lunera
1377 2021 1481 2108 patris

552 2141 603 2198 735
640 2127 781 2214 sperasti
804 2145 942 2212 regnare
965 2125 1060 2191 nefas
1083 2126 1274 2212 tumuloque
1297 2125 1442 2212 parentis

638 2230 774 2316 iungere
797 2235 948 2295 natorum
971 2229 1103 2296 soluisti
1125 2229 1194 2295 iata
1216 2228 1377 2294 duorum?

639 2335 713 2400 sivo
737 2332 870 2420 (vides),
893 2334 1055 2400 scelerata
1076 2355 1205 2422 pareus,
1229 2333 1369 2400 moriere
1392 2337 1526 2399 cruente

640 2436 697 2503 sed
721 2437 872 2504 manibus
894 2438 1043 2524 iugulata
1065 2439 1146 2504 meis
1170 2458 1269 2524 snper
1290 2457 1366 2503 ossa
1388 2434 1516 2504 mariti.³

639 2541 834 2608 conturbata
856 2562 975 2631 parens
999 2541 1095 2609 nudis
1118 2548 1236 2610 exerta
1258 2541 1390 2629 papillis

551 2663 604 2721 740
638 2645 754 2712 orabat
776 2652 903 2712 natum:
927 2647 998 2733 ‘per
1020 2646 1113 2727 haec,
1136 2667 1226 2735 puer,
1249 2645 1361 2728 ubera,
1384 2649 1498 2732 parce!

637 2771 697 2839 per
719 2771 857 2838 superos
879 2756 1074 2838 patremque
1097 2757 1199 2833 tuum,
1222 2769 1282 2837 per
1304 2770 1380 2816 cara
1402 2749 1522 2816 somnis

636 2861 782 2943 pectora,
806 2875 890 2942 quae
913 2860 1023 2921 nostro
1047 2861 1081 2921 15
1104 2861 1181 2921 tuuc
1205 2875 1343 2942 rapuere
1366 2853 1478 2934 furori,

637 2965 672 3026 et
693 2980 754 3047 per
774 2959 930 3047 Pyladen,
955 2958 1041 3047 quod
1064 2960 1137 3049 plus
1161 2965 1222 3043 est,
1246 2965 1349 3024 testor
1370 2959 1525 3024 amicum:

636 3063 841 3146 deveniam,
864 3065 1031 3146 miserere,
1055 3085 1179 3151 precor,
1202 3064 1359 3130 miserere
1382 3062 1522 3150 parenti,

550 3185 600 3240 745
637 3169 664 3234 51
687 3167 750 3234 dici
774 3189 845 3234 sum
868 3167 968 3255 digna
990 3168 1132 3255 parens?
1175 3175 1243 3234 tum
1267 3173 1364 3234 natus
1385 3165 1512 3234 ‘inanes

635 3271 758 3360 perdis’
780 3274 826 3339 ait
845 3271 1020 3354 lacrimas,
1044 3274 1174 3360 genitor
1195 3279 1228 3339 te
1252 3277 1405 3359 expectat
1428 3270 1470 3337 ad
1494 3272 1636 3338 umbras.

634 3376 714 3443 Ilias
737 3378 897 3464 ingemuit
918 3377 1040 3444 domini
1064 3376 1252 3444 Cassandra
1274 3377 1400 3442 ruinam

634 3503 695 3548 nec
711 3482 786 3548 ierit
799 3481 1029 3548 Andromache
1043 3482 1205 3548 famulans
1217 3486 1292 3567 post
1305 3480 1452 3546 Hectora
1464 3479 1637 3566 Pyrrhum,

635 3607 708 3651 cum
731 3586 846 3672 regina
869 3585 1035 3672 Phrygum
1058 3585 1153 3652 fieret
1175 3585 1304 3671 captiva
1325 3584 1520 3670 Pelasgum:

547 3705 600 3762 755
634 3690 783 3777 55551515
806 3695 938 3776 pastore
961 3689 1054 3755 ducis
1077 3695 1112 3754 tu
1136 3689 1220 3756 55115
1242 3693 1405 3755 cruentas.

633 3794 716 3860 haec
739 3793 819 3860 mihi
841 3793 984 3881 Pylades
1008 3814 1100 3861 meus
1123 3794 1262 3881 imperat
1285 3799 1319 3858 et
1342 3813 1435 3858 soror
1456 3799 1563 3879 urget,

633 3905 670 3964 ut
692 3899 798 3965 iaceaa
821 3918 976 3966 mucrene
999 3919 1084 3981 mec,
1108 3898 1294 3964 truculenta
1316 3895 1452 3983 virago?

634 4009 687 4070 ast
708 4003 765 4069 ubi
788 4005 833 4069 nil
854 4004 960 4091 potuit
982 4003 1099 4069 mulier
1121 4001 1162 4068 de
1186 4002 1276 4089 prole
1298 4002 1428 4082 mereri,

634 4129 712 4174 mox
734 4107 871 4174 redeunt
894 4109 1002 4173 animo
1026 4107 1191 4194 Phrygiae
1214 4106 1389 4193 praesagia
1412 4105 1507 4171 vatis.

547 4227 598 4284 755
633 4208 673 4277 ‘si
697 4213 805 4300 placet
826 4212 940 4278 ulcisci
962 4203 1151 4299 genitorem’
1178 4210 1263 4276 dixit
1282 4209 1329 4275 ‘in
1352 4209 1476 4294 ambos,

633 4315 767 4403 Pyladis
789 4337 841 4382 me
864 4315 982 4383 dextra
1004 4322 1111 4399 necet,
1136 4321 1233 4382 necet
1256 4315 1345 4382 ensis
1369 4320 1403 4380 et
1424 4313 1522 4398 idem,

339 4521 391 4578 720
407 4525 503 4579 atridae
526 4526 552 4577 A
659 4523 708 4578 721
728 4527 826 4579 securis
850 4526 884 4592 Β,
906 4529 989 4579 securi
1012 4528 1037 4579 A
1137 4525 1187 4579 722
1207 4543 1267 4596 rege
1285 4527 1310 4577 Β
1405 4524 1456 4579 727
1479 4528 1593 4580 attractis
1616 4526 1641 4578 Β
1736 4525 1788 4580 729
1809 4528 1849 4580 Ad
1867 4527 1893 4579 Β

270 4608 323 4664 730
345 4613 395 4664 iam
419 4612 452 4679 A,
479 4621 540 4680 5515
558 4613 641 4679 spatio
660 4613 748 4666 relicta
767 4629 817 4665 cm.
840 4613 866 4664 B
952 4611 1002 4666 732
1034 4613 1150 4666 nisusrt
1245 4611 1296 4666 733
1313 4595 1419 4666 crimine
1437 4615 1538 4667 traebat
1560 4613 1585 4664 Β
1672 4611 1892 4681 73810Μο1115,

235 4698 394 4764 0155515555
486 4697 537 4751 739
560 4699 727 4752 mamillisA
822 4695 874 4751 740
890 4716 922 4767 55
940 4699 989 4751 1155
1010 4715 1074 4767 puer
1097 4699 1178 4752 ubera
1196 4698 1229 4765 Β,
1253 4717 1317 4768 puer
1336 4701 1383 4752 1515
1401 4717 1446 4768 555
1464 4701 1545 4752 ubera
1564 4699 1597 4763 A,
1616 4717 1661 4770 per
1680 4718 1728 4768 ego
1744 4701 1808 4753 hace
1824 4718 1848 4768 5.
1865 4719 1891 4753 ιι.

234 4781 328 4848 Peiper
413 4781 461 4836 741
482 4801 541 4838 cara
559 4784 718 4852 Rothmaler,
736 4785 805 4836 51555
824 4783 875 4836 ΒΑ
961 4781 1012 4838 742
1030 4786 1163 4852 Pectoraq:
1182 4785 1208 4836 B
1276 4787 1362 4838 furore
1381 4785 1406 4835 Β
1490 4784 1541 4838 743
1560 4787 1711 4854 pilademA
1781 4795 1850 4840 55155
1867 4787 1892 4838 Β

268 4867 320 4922 744
341 4879 446 4938 parente
468 4872 500 4935 Β,
524 4872 638 4940 parentis
664 4871 697 4934 A,
723 4869 932 4938 5555175510οῇ
1027 4869 1080 4924 745
1105 4873 1169 4924 dicis
1193 4871 1219 4922 Β
1297 4881 1326 4924 15
1349 4880 1426 4925 515155
1450 4873 1475 4924 Β
1577 4870 1628 4926 746
1650 4881 1676 4927 15
1699 4883 1835 4942 expectata
1852 4875 1892 4926 511

233 4957 347 5024 ampliat
367 4957 393 5008 B
491 4957 543 5011 748
564 4967 623 5027 5551
645 4959 767 5011 11551511
791 4958 904 5025 ampliat
926 4957 953 5009 Β
1056 4957 1106 5012 751
1130 4959 1193 5010 15555
1215 4975 1287 5011 55555
1307 4976 1360 5011 uon
1383 4959 1595 5027 555151155ιό55
1698 4958 1848 5013 752155155
1867 4960 1892 5011 Β

267 5047 346 5112 uirgo
358 5044 384 5096 Β
453 5043 505 5098 754
523 5047 591 5099 vatis
604 5046 709 5112 Sinam,
727 5047 791 5098 55115
805 5045 837 5111 Β,
856 5045 972 5099 sortisti
1044 5042 1094 5098 756
1112 5047 1203 5098 dextra
1221 5052 1265 5098 net
1282 5053 1356 5099 necet
1374 5048 1442 5100 ensis
1460 5047 1494 5113 Β,
1512 5047 1601 5099 dextra
1619 5054 1693 5101 necet
1710 5063 1758 5099 nec
1776 5048 1844 5100 ensis
1857 5047 1891 5113 A,

232 5147 300 5183 5555.
314 5131 412 5184 015555

335 5335 388 5392 tae
408 5336 506 5392 unctu
519 5345 561 5406 84,
573 5345 625 5395 830
650 5356 796 5411 respergas
825 5339 962 5412 sanguine
988 5339 1115 5397 dextram
1220 5340 1271 5396 727
1300 5340 1423 5396 0155551.
1443 5347 1466 5408 5,
1484 5345 1518 5395 58
1544 5341 1574 5394 51
1597 5337 1749 5396 1555115...
1774 5338 1889 5396 55511155.

231 5439 504 5511 (1551551574555
521 5443 631 5499 ossibus
649 5447 678 5499 et
696 5445 796 5501 fractis
889 5445 939 5500 731
960 5445 1067 5500 Laecam
1081 5455 1103 5513 1,
1115 5453 1167 5501 480
1184 5444 1315 5515 victoque
1334 5443 1475 5500 inmanior
1491 5443 1572 5500 hoste
1659 5444 1709 5500 741
1735 5443 1808 5513 Vcrp.
1822 5445 1889 5500 Aca.

231 5553 269 5612 11,
282 5551 331 5600 715
349 5563 415 5601 cam
432 5563 556 5603 sorornrn
575 5551 690 5618 pectora
707 5548 789 5616 (stat.
805 5549 883 5605 utet.
898 5557 919 5616 7,
931 5552 991 5618 495)
1072 5551 1123 5606 744
1148 5549 1358 5619 Vcr9.Aca.12,
1374 5555 1409 5604 43
1427 5546 1558 5604 miserere
1578 5547 1704 5618 parentis
1723 5549 1760 5615 (ct
1774 5549 1890 5617 5555155)

265 5649 317 5706 745
334 5648 402 5706 Stat.
421 5651 502 5708 Ttat.
515 5659 539 5721 2,
552 5659 605 5708 855
623 5651 721 5709 inanes
733 5653 836 5725 perdis,
855 5654 906 5720 ait,
919 5654 1049 5710 lacrimas
1120 5655 1172 5712 740
1183 5655 1249 5711 Stat.
1266 5653 1344 5711 Theb.
1357 5660 1381 5723 3,
1396 5660 1432 5710 85
1445 5653 1518 5708 seror
1530 5655 1708 5723 exspectatus
1726 5651 1762 5707 ad
1775 5651 1889 5707 umbras

1628 5757 1679 5812 28*
