4538 6398
896 357 1098 415 EPISTVLAE
1117 359 1226 416 11-1v
1822 367 1889 432 237

234 533 365 598 veniam
399 537 433 597 et
466 533 580 618 lingua
608 532 804 598 facundiam.
857 555 932 598 nam
956 535 1018 600 etei
1048 541 1099 600 est
1125 536 1157 599 in
1181 536 1290 615 nobis,
1325 542 1362 600 ut
1384 541 1419 600 tu
1446 535 1565 602 domne
1594 545 1743 625 reputas,
1770 541 1890 606 venula
1934 545 1953 608 4

236 638 366 702 tantilla
405 638 577 717 sermonis,
616 658 702 703 nunc
736 637 911 704 inutilitate
949 659 1091 719 morum,
1131 661 1216 706 nunc
1256 639 1384 706 adsidui
1421 641 1564 727 langoris
1596 649 1735 728 aggestu
1769 644 1889 711 cotidie

236 739 464 806 intercluditur
486 746 520 806 et
544 741 694 808 siccatur.
740 742 874 807 missam
898 743 1003 808 saneti
1026 742 1199 831 Hippolyti
1222 745 1273 809 vel
1296 745 1474 826 orationes,
1498 746 1526 810 si
1549 747 1644 814 nobis
1667 753 1761 814 oratu
1783 755 1891 815 vestro

236 845 303 910 vita
325 865 437 910 comes
460 843 620 924 adiuerit,
651 851 688 909 ut
715 851 870 931 potuero,
904 867 963 932 pro
991 853 1099 912 vestra
1128 848 1270 914 iussione
1300 849 1452 935 patrabo;
1482 850 1615 916 missam
1643 872 1719 917 vero
1749 853 1891 918 votivam

204 948 310 1014 tideo
333 969 398 1013 non
426 949 553 1036 scripsi,
582 949 658 1034 quia
680 948 713 1014 in
737 949 798 1015 bac
821 951 928 1037 patria
950 957 1015 1016 tam
1039 952 1183 1017 accurati
1207 953 1367 1018 sermonis
1387 953 1550 1020 habentur
1572 961 1673 1042 atque
1695 958 1890 1041 sententiae,

236 1058 272 1117 ut
294 1053 400 1118 simile
428 1073 495 1119 non
522 1053 644 1140 possim
673 1051 854 1136 excudere,
890 1061 923 1120 et
952 1056 1152 1142 superfluum
1181 1055 1289 1122 iudico
1317 1056 1392 1122 iude
1423 1078 1474 1123 me
1497 1058 1621 1144 aliquid
1643 1059 1770 1144 dicere,
1803 1061 1890 1126 undo

235 1157 386 1222 meliores
409 1158 520 1223 recolo
543 1158 607 1223 iam
630 1156 765 1224 dixisse.

340 1283 429 1344 ecce,
452 1261 598 1348 piissime
614 1261 754 1343 domine,
776 1259 915 1328 dulcedo
931 1263 1056 1348 gratiae
1073 1270 1201 1329 vestrae
1218 1263 1392 1330 verbosum
1416 1287 1468 1332 me
1484 1264 1626 1332 reddidit
1649 1273 1683 1333 et
1698 1268 1889 1354 superbum

235 1366 294 1432 sed
316 1387 415 1454 preco
454 1373 491 1431 ut
524 1387 640 1453 parcas
669 1367 843 1450 audaciae,
878 1385 973 1454 quam
998 1390 1062 1434 non
1086 1375 1193 1434 tumor
1216 1368 1346 1450 adtulit,
1375 1370 1434 1436 sed
1467 1392 1557 1436 amor
1584 1371 1719 1437 invexit.
1764 1394 1839 1438 nam
1863 1374 1889 1438 si

192 1488 218 1527 ιο
240 1470 302 1536 boc
334 1471 476 1536 trutinae
499 1470 628 1536 subtilia
652 1471 805 1537 examine
828 1493 953 1558 aequae
976 1472 1081 1538 librae
1103 1494 1207 1559 pensa
1228 1473 1364 1540 iusseris
1387 1473 1580 1562 ponderare,
1604 1473 1644 1540 ad
1668 1480 1701 1541 te
1724 1475 1890 1542 dominum

236 1575 363 1640 videbis
387 1595 576 1657 recurrere,
606 1574 693 1662 quod
722 1576 887 1642 servulum
916 1584 1007 1642 tuum
1037 1577 1200 1643 inveneris
1231 1577 1398 1652 oberrare;
1433 1579 1509 1665 quia
1538 1600 1715 1666 numquam
1739 1585 1889 1665 egotam

235 1678 429 1744 temerarius
451 1679 485 1744 in
517 1679 694 1766 loquendo,
722 1680 783 1744 nisi
813 1687 848 1745 tu
872 1681 992 1747 luisses
1017 1687 1083 1746 tam
1106 1681 1352 1768 profusissimus
1374 1681 1406 1747 iu
1428 1683 1578 1748 amando.
1623 1683 1700 1769 quid
1727 1706 1804 1770 ergo
1828 1684 1890 1750 bac

237 1783 412 1849 occasione
448 1783 501 1848 vel
535 1783 729 1870 deliquerim
758 1785 811 1850 vel
847 1784 984 1872 deliqui,
1015 1785 1107 1850 vobis
1139 1786 1280 1872 inputari
1314 1786 1441 1862 iubetc;
1471 1789 1548 1873 quia
1577 1794 1702 1854 tantmn
1733 1811 1824 1854 amas
1858 1796 1892 1854 et

236 1893 362 1952 tantum
397 1887 534 1968 amaris,
567 1893 605 1952 ut
639 1893 673 1953 et
700 1887 919 1954 verecundiae
945 1888 1073 1976 pondus
1103 1890 1234 1956 auferas
1275 1896 1309 1956 et
1340 1891 1475 1957 timoris.
1525 1893 1680 1980 scriptum
1709 1893 1793 1958 enirn
1822 1900 2036 1966 est:1r0s.r,rs

194 1993 336 2057 utimur
358 2013 422 2056 non
446 1997 497 2057 est
518 1991 551 2056 in
574 1989 760 2074 dilectione,
784 1992 843 2058 sed
866 1993 1013 2078 perlecta
1036 1993 1168 2060 dilectio
1191 1993 1270 2060 loris
1294 1995 1393 2059 mittit
1416 1995 1574 2063 tiurcrem.

340 2094 381 2160 de
416 2101 527 2162 cetero
557 2096 581 2180 †
607 2117 665 2182 pro
698 2096 908 2182 peculiariter
935 2117 1092 2184 suggero,
1127 2105 1163 2162 ut
1197 2097 1274 2164 mihi
1308 2099 1427 2164 misero
1461 2101 1708 2186 temptationum
1739 2099 1890 2166 fluctibus
1934 2107 1953 2168 6

236 2199 420 2266 errabundo
450 2205 525 2266 tuas
553 2200 659 2289 precis
687 2200 847 2290 inpendas
875 2200 1043 2268 auxilium.
1089 2202 1134 2268 sio
1163 2201 1334 2269 beatorum
1357 2203 1514 2270 merearis
1537 2203 1659 2270 habere
1682 2203 1890 2271 consortium.

1034 2445 1093 2512 IV.

234 2571 546 2662 SANCTlSSlMO
580 2572 643 2648 AC
675 2572 965 2648 VENBRABILI
996 2572 1180 2648 DOMINO
1212 2573 1309 2648 MEO
1346 2563 1617 2648 BVGBNIO
1655 2571 1887 2647 EPISCOPO

309 2702 598 2778 TOLBTANAE
624 2703 767 2777 VRBIS
793 2695 971 2780 'l'leS
997 2702 1205 2777 VLlelVS
1232 2702 1416 2776 SERVVS
1444 2700 1707 2776 SERVORVM
1734 2703 1812 2777 DEI

191 2875 216 2918 ro
671 2831 1184 2908 CAESARAVGVSTANVS
1210 2830 1481 2906 EPISCOPVS.

340 2962 494 3050 congrua
528 2966 616 3040 satisv
643 2965 803 3052 valdeque
837 2967 1025 3032 necessaria
1054 2965 1267 3054 dispositione
1301 2965 1444 3031 fortioris
1476 2965 1618 3052 exquirit
1645 2965 1802 3032 solacium
1833 2967 1888 3054 qui

233 3069 385 3154 propriae
409 3069 537 3134 virtutis
570 3077 660 3136 caret
689 3071 794 3136 cilicio
830 3091 934 3158 eoque
962 3071 1092 3137 facilius
1121 3071 1265 3158 corporis
1294 3091 1443 3156 gressum
1474 3069 1624 3156 porrigit,
1657 3091 1721 3155 quo
1748 3070 1889 3135 trahitur

235 3171 374 3238 dextera
397 3172 541 3258 potioris,
564 3179 600 3238 ut
623 3174 732 3239 saltim
753 3173 975 3240 desideratum
1001 3195 1129 3240 cursum
1146 3174 1335 3240 valentioris
1359 3173 1482 3238 auxilio
1504 3173 1609 3259 possit
1632 3173 1766 3259 explere
1790 3194 1886 3259 quam

235 3277 347 3361 segnis
381 3277 413 3341 in
448 3277 497 3341 sui
526 3277 650 3344 itineris
679 3277 786 3343 medio
815 3299 995 3344 remanere.
1042 3279 1088 3342 ita
1110 3300 1190 3364 ego,
1219 3279 1263 3343 mi
1285 3277 1483 3344 venerabilis
1507 3276 1652 3356 domine,
1681 3276 1789 3340 auimo
1812 3278 1888 3341 licet
1932 3281 1951 3342 2

189 3405 214 3446 as
233 3379 407 3462 invalidus,
431 3382 494 3447 tuis
519 3388 629 3447 tamen
653 3382 783 3448 adiutus
807 3383 1023 3465 orationibus,
1047 3383 1139 3448 ardui
1163 3383 1272 3469 operis
1288 3382 1434 3468 auspicia
1458 3379 1552 3466 quasi
1568 3379 1736 3445 cuiusdam
1754 3381 1888 3446 maximi

233 3484 353 3548 montis
382 3485 481 3550 malui
510 3485 600 3552 adire
635 3487 809 3573 principia,
843 3487 898 3572 qui
933 3487 1023 3552 velut
1055 3487 1165 3572 magni
1197 3484 1366 3551 cuiusdam
1395 3485 1427 3548 in
1457 3483 1508 3547 sui
1537 3484 1708 3570 superficie
1743 3491 1888 3551 ostentat

233 3587 340 3672 spatia
370 3589 514 3675 peradisi
542 3611 710 3656 nemorum
747 3591 1000 3678 proceritatibus
1034 3591 1157 3672 obsita,
1190 3589 1321 3655 floribus
1346 3587 1564 3668 albescentia,
1597 3587 1682 3651 loliis
1705 3587 1888 3672 viridantia,

232 3691 339 3778 pomis
384 3693 483 3758 etiarn
523 3695 758 3775 mellificantia,
802 3695 942 3759 liliorum
983 3716 1112 3781 quoque
1146 3691 1363 3780 pulcritudine
1398 3691 1551 3772 nitentia,
1589 3712 1735 3756 rosarum
1770 3693 1887 3758 rubore

234 3796 421 3876 candentia,
453 3799 611 3863 violarum
641 3799 887 3886 purpurantium
923 3799 1056 3864 floribus
1091 3798 1297 3886 splendentia
1325 3795 1553 3881 coloribusque
1581 3795 1703 3860 orooeis
1730 3797 1887 3883 pleraque

191 3900 407 3986 refulgentia,
431 3903 518 3966 nullo
541 3925 695 3990 umquam
716 3910 865 3990 tempore
890 3904 1138 3983 marcescentia,
1174 3901 1232 3968 sed
1256 3907 1417 3989 perpetua
1440 3899 1490 3964 sui
1515 3897 1678 3964 viriditate
1701 3901 1885 3974 vernantia;

205 4093 207 4096 Ι
235 4005 372 4070 mirifica
400 4013 470 4070 arte
499 4005 670 4096 disposita,
695 4007 825 4072 directis
850 4029 933 4094 quae
958 4007 1141 4071 consistunt
1171 4006 1329 4070 linearum
1362 4002 1529 4068 ordinibus
1564 4007 1728 4090 coaptata,
1763 4008 1885 4067 tantam

235 4109 484 4175 subministrant
507 4112 770 4177 examinantibus
793 4112 945 4198 gratiam,
976 4117 1012 4176 ut
1035 4111 1196 4175 suavitate
1221 4109 1270 4173 eui
1294 4129 1358 4172 nou
1383 4108 1487 4172 solum
1511 4107 1692 4172 exteriores
1716 4125 1886 4194 corporum

235 4233 370 4296 sensus,
400 4212 460 4279 sed
488 4215 644 4280 interiora
667 4215 812 4281 cordium
844 4237 963 4280 arcana
987 4215 1138 4280 satietate
1163 4213 1212 4278 sui
1237 4213 1445 4298 perlustrent.
1492 4231 1630 4295 cumque
1654 4209 1732 4274 talia
1754 4210 1886 4276 intentis
1932 4215 1951 4277 3

235 4315 404 4380 obtutibus
428 4339 593 4383 cernerem
618 4343 656 4384 ac
680 4321 853 4407 plerosque
878 4321 927 4385 bis
949 4317 1146 4384 multimodis
1171 4317 1307 4404 dapibus
1339 4317 1449 4381 satiari
1473 4315 1632 4397 viderem,
1659 4315 1888 4380 inaestimabili

235 4429 390 4438 0——-——

338 4488 497 4555 ld(omi)ne
516 4492 549 4555 B,
568 4493 660 4545 domne
678 4493 709 4544 Μ
777 4491 940 4547 hermonis
958 4511 1012 4546 nun
1031 4493 1090 4545 ΕΜ
1104 4494 1140 4544 sic
1209 4493 1303 4544 laboris
1321 4491 1352 4542 Μ
1419 4490 1437 4542 3
1459 4491 1567 4558 yppoliti
1586 4489 1614 4540 B
1680 4487 1811 4556 lpsrabo
1829 4491 1888 4544 edd.

267 4576 425 4632 5eermonls
444 4577 477 4642 B,
502 4595 634 4633 sermones
652 4580 759 4632 Medd.
846 4580 861 4632 't
884 4582 984 4633 raecolo
1006 4579 1034 4630 B
1117 4578 1226 4646 9preeo
1245 4579 1281 4630 ss'c
1299 4578 1362 4639 ΕΜ,
1389 4593 1478 4645 precer
1495 4577 1553 4628 cdd.
1645 4573 1676 4626 10
1693 4579 1810 4629 examine
1834 4595 1888 4644 epo,

232 4667 358 4718 examinis
382 4665 438 4716 ΕΜ
536 4667 565 4718 11
591 4667 716 4719 inueniris
740 4667 767 4718 Ε
852 4667 884 4720 12
909 4670 977 4734 quod
1002 4667 1061 4720 edd.
1158 4665 1191 4718 15
1217 4667 1303 4718 dilecti
1325 4664 1354 4716 B
1447 4663 1479 4716 16
1504 4681 1540 4716 ou
1566 4681 1612 4731 pro
1637 4663 1693 4732 (tus
1717 4661 1888 4731 dilectionelt

231 4769 267 4802 eo
286 4755 519 4820 prsepeculisriter,
538 4755 769 4822 perpeeuliaritsr?
839 4755 944 4806 flatibus
963 4755 995 4804 Μ

337 4837 397 4907 [lv]
434 4841 466 4891 Μ
477 4841 645 4892 BetuciusT
712 4840 744 4893 18
760 4841 979 4904 ecMBetucs'us,
998 4847 1023 4892 et
1040 4839 1065 4890 Τ
1133 4837 1164 4890 19
1177 4841 1319 4893 ΤοΙοίιιιιιο
1337 4839 1409 4890 urbis
1423 4839 1541 4906 episeopo
1559 4837 1685 4888 Betucius
1754 4835 1888 4888 Blanimo

232 4941 281 4975 om.
300 4924 427 4977 Betucius
522 4925 556 4978 26
584 4928 652 4993 quod
680 4928 752 4979 velut
779 4927 906 4978 Betucius
983 4933 1095 4979 ostentat
1116 4943 1173 4994 cqc,
1201 4933 1334 4978 ostentans
1361 4923 1414 4974 ΤΜ
1441 4923 1567 4975 Betucius
1667 4919 1702 4974 2?
1729 4924 1814 4990 spatis
1840 4940 1887 4975 em.

231 5009 359 5062 Betucius
428 5013 604 5066 slbenscentis
627 5013 651 5064 Τ
717 5013 785 5066 loliis
802 5014 941 5066 viridantis
960 5023 1019 5080 post
1040 5013 1219 5066 mellificantia
1234 5013 1307 5078 pouit
1325 5011 1452 5063 Betucius
1537 5009 1571 5061 29
1590 5009 1671 5061 croesi
1695 5009 1720 5059 T
1795 5007 1830 5061 30
1846 5012 1888 5062 sui

232 5099 341 5150 veritate
364 5097 388 5148 T
452 5097 484 5150 ³1
511 5101 613 5152 directis
636 5117 703 5166 quse
724 5117 781 5167 eqo,
800 5101 929 5167 directisq3
957 5100 1012 5150 ΤΜ
1026 5099 1153 5151 Betucius
1249 5097 1283 5151 32
1306 5098 1504 5149 subministrant
1521 5095 1732 5148 examinantibus
1755 5111 1808 5162 epe,
1828 5098 1887 5148 sub·

232 5185 407 5236 ministrantes
424 5187 571 5240 amantibus
595 5187 647 5238 ΤΜ
663 5187 789 5238 Betucius
865 5185 899 5238 33
912 5196 973 5252 perr
991 5203 1082 5238 sensus
1099 5185 1222 5238 eccidisse
1239 5188 1351 5252 sortem
1368 5184 1471 5236 cer-bum
1489 5184 1565 5248 quale
1583 5182 1710 5234 delectent
1727 5183 1788 5234 berse
1804 5193 1889 5235 merset

237 5267 338 5321 Traube
424 5269 458 5324 ³4
483 5274 652 5324 inextimabili
676 5273 734 5338 TM,
753 5275 788 5340 cs.
797 5289 824 5340 p.
839 5275 901 5338 289,
917 5277 931 5323 7
946 5280 970 5324 et
987 5271 1041 5323 ind.
1054 5289 1074 5322 s.
1087 5288 1145 5323 uoce

335 5424 479 5478 Bmisscm
497 5425 643 5496 Hsppotyts‘
664 5443 731 5480 uum
745 5426 887 5495 perfecerit
905 5425 1060 5496 Eupmius,
1083 5441 1139 5479 nou
1160 5429 1265 5480 constet
1284 5421 1447 5492 ttdcpboaso
1465 5424 1573 5474 tecente.
1610 5423 1688 5474 unet
1705 5421 1753 5488 qui
1771 5421 1888 5476 dicerent

231 5525 383 5592 (Aulestes
401 5527 459 5582 bsbl.
473 5533 519 5584 oct.
532 5527 611 5599 Huc.
624 5537 647 5598 e,
660 5495 756 5598 olm)
773 5547 829 5586 eom
847 5535 937 5584 actore
954 5530 984 5583 iss
1001 5527 1086 5584 codiee
1104 5528 1140 5597 E,
1158 5543 1244 5596 aeque
1262 5531 1350 5581 umen
1366 5523 1463 5579 namu
1481 5523 1567 5590 (NA
1585 5521 1629 5578 VI
1638 5528 1706 5578 1880
1715 5539 1745 5593 p.
1757 5530 1808 5579 236
1819 5527 1887 5594 sqq.)

231 5630 348 5703 ’ΨΜ
