4568 6396
344 391 372 448 11
1067 390 1285 448 PRAEFATIO.

343 566 541 633 membranae
557 565 739 648 particulae
760 584 831 632 oum
852 565 1049 632 euolaeretar.
1063 569 1093 631 et
1113 565 1320 647 inspiceretur
1342 564 1444 632 codes.
1483 567 1699 648 perlustranti
1719 571 1823 634 autem
1839 568 2006 636 editiarrem

341 675 500 749 nostram,
536 669 626 736 auius
650 669 793 752 popinae
823 668 967 752 nnqrdas
999 669 1102 751 ipsius
1129 668 1243 736 aeduis
1270 668 1407 734 reddunt
1433 670 1588 754 paqinas,
1620 671 1716 754 facile
1745 673 1911 756 apparebit
1940 674 2007 739 tria

340 774 428 860 folia
449 773 598 838 mutilata
619 790 684 838 esse
705 792 727 837 a
748 773 891 854 marqr’ne
914 774 1089 858 superiore,
1117 773 1172 839 ubi
1193 772 1296 839 deesse
1316 771 1465 838 uidentur
1485 771 1558 859 fere
1585 773 1735 856 quaterni
1755 793 1879 854 666666,
1904 795 2007 842 unum

343 878 390 962 sp.
412 877 517 944 257-
525 878 556 941 6.
585 875 650 940 271
657 876 740 960 -2)
770 875 812 942 ab
840 875 1008 958 inferiore.
1042 877 1113 941 item
1140 873 1212 960 fere
1241 875 1406 958 quotcrrus
1434 876 1575 943 versibus
1602 877 1638 941 in
1664 895 1856 960 unaquaque
1877 879 2007 963 paqina

336 981 513 1064 privatum.

447 1087 541 1166 atque
562 1081 788 1162 Niebnbrium,
818 1083 874 1164 qui
893 1082 1018 1164 passim
1044 1080 1168 1147 litteras
1191 1082 1259 1147 iarn
1281 1085 1451 1164 paeantm
1470 1081 1703 1150 madiaemsntis
1724 1083 1809 1168 aptis
1833 1087 2005 1166 repararit,

343 1187 427 1253 unde
450 1185 618 1252 dolendum
641 1183 724 1267 quod
744 1183 833 1250 bodie
851 1203 886 1266 p.
901 1183 967 1248 272
988 1187 1018 1248 et
1034 1203 1067 1265 p.
1085 1183 1151 1248 274
1169 1187 1279 1265 partes
1299 1185 1428 1267 infimae
1446 1204 1549 1266 paene
1570 1185 1745 1252 destruatis
1767 1191 1850 1268 sant,
1872 1187 2007 1272 diliqen-

343 1290 461 1356 tissime
482 1289 591 1373 teqisse
613 1291 703 1353 testes
724 1305 834 1352 sumus
855 1291 885 1366 et
905 1285 1144 1373 asenam),
1166 1287 1223 1368 qni
1242 1305 1329 1354 anno
1352 1287 1437 1352 1675
1458 1288 1590 1355 codicem
1612 1289 1657 1356 ad
1676 1288 1709 1356 S.
1725 1289 1817 1356 Galli
1831 1292 2007 1358 6666616662

342 1409 463 1474 suaque
476 1393 587 1456 notata
601 1389 685 1454 nltro
699 1387 778 1453 milri
793 1387 1003 1470 commodavit,
1019 1393 1121 1474 stepo,
1135 1389 1195 1468 eui,
1205 1394 1373 1472 postquam
1383 1390 1428 1456 ad
1441 1391 1477 1460 8.
1491 1392 1583 1460 Galli
1596 1393 1709 1476 deqens
1723 1393 1867 1460 intelleai
1880 1393 2005 1478 lonqius

342 1494 481 1560 studium
504 1494 539 1558 in
559 1493 609 1558 lu's
628 1491 757 1558 laciniis
776 1509 840 1557 esse
855 1491 1045 1573 ponendum,
1067 1492 1108 1557 A.
1125 1492 1211 1558 Fon
1235 1492 1494 1577 bybliotbeearius
1513 1517 1576 1578 qua
1591 1496 1705 1562 munos
1718 1501 1848 1578 superat
1861 1496 2003 1564 liberali-

343 1600 407 1664 tate
437 1596 569 1662 eodiaem
595 1595 771 1662 Mamaeum
797 1594 985 1661 transmisit.
1037 1593 1088 1660 la's
1114 1595 1191 1662 solis
1219 1596 1295 1662 loeis
1314 1597 1446 1680 qraaias
1471 1599 1592 1664 aravit
1611 1599 1772 1666 Niebuhr:
1798 1618 1896 1667 eamn.
1924 1601 1955 1679 2,
1975 1605 2005 1678 7,

335 1719 452 1783 pana.
470 1717 559 1781 pros.
584 1698 698 1778 1131,
720 1697 790 1762 aa
803 1699 847 1762 as
869 1696 1071 1783 (hispaniam
1086 1697 1396 1784 marcomanos),
1417 1701 1488 1766 213
1503 1703 1554 1780 es,
1571 1685 1654 1784 poa.
1668 1705 1732 1768 eos
1753 1703 1806 1788 (a
1820 1703 2005 1768 6666666

342 1822 408 1870 uon
438 1805 519 1870 reete
547 1802 744 1886 rettulerat);
774 1801 996 1884 pravissimum
1029 1803 1186 1886 estquod
1205 1821 1271 1868 non
1297 1802 1452 1868 indicauit
1476 1809 1550 1869 ante
1578 1825 1649 1870 eum
1678 1823 1802 1870 uersum
1834 1805 1891 1888 qui
1919 1824 2006 1871 nune

342 1911 388 1973 est
417 1906 542 1989 primus
567 1903 753 1988 pancqqrici
780 1904 914 1970 alterius
939 1924 1039 1970 uuam
1066 1925 1201 1972 6666666
1228 1924 1293 1972 esse
1319 1907 1356 1971 in
1377 1906 1575 1987 numbrano,
1603 1909 1625 1975 i.
1648 1927 1718 1973 aere
1733 1909 1878 1990 primurn
1904 1907 2006 1974 deesse

342 2015 386 2094 (a.
407 2031 440 2092 p.
457 2012 499 2074 10
520 2010 622 2086 nota).

447 2113 553 2194 itaque
574 2131 644 2178 cum
671 2110 709 2176 de
736 2109 851 2176 litteris
874 2109 1003 2176 bediis
1024 2129 1089 2176 non
1116 2130 1207 2194 saepe
1228 2111 1374 2178 dubitare
1402 2111 1507 2190 liceat,
1534 2111 1700 2192 diffieilior
1726 2115 1829 2198 surqit
1855 2115 2004 2198 quaestio,

340 2237 402 2302 qua
424 2215 535 2282 ordine
556 2215 631 2281 olim
652 2214 737 2280 inter
758 2232 790 2278 se
811 2216 917 2278 secuta
938 2213 1005 2280 sint
1026 2214 1154 2298 sinqula
1171 2214 1267 2300 folia.
1310 2233 1388 2281 nam
1408 2215 1521 2282 6665666
1535 2216 1713 2297 mannam
1735 2217 1894 2283 turbatam
1915 2217 2006 2283 bodie
2105 2291 2106 2294 Ἴ

341 2321 408 2387 iam
423 2321 582 2384 testantur
597 2317 720 2383 litterae
734 2317 770 2381 iu
780 2337 835 2398 pp.
846 2309 985 2383 25546.
1006 2315 1167 2383 259-66.
1189 2317 1330 2386 261-2.
1352 2319 1494 2384 267-8.
1515 2319 1678 2384 eoa-70.
1699 2321 1830 2386 273-4
1852 2320 2006 2400 inversae,

341 2443 411 2490 curn
431 2441 485 2504 pp.
500 2420 640 2486 257-6.
656 2421 788 2487 271-2
801 2419 867 2484 sint
881 2423 991 2486 reatae.
1021 2420 1052 2485 is
1065 2421 1164 2504 ipitm
1179 2421 1236 2503 qui
1248 2420 1293 2486 ad
1304 2421 1495 2506 qlossarium
1509 2419 1707 2488 scribendum
1721 2423 1819 2506 (rocas
1833 2423 1928 2489 codex
1941 2425 2007 2488 908

342 2525 397 2592 boa
428 2543 514 2590 nune
540 2521 652 2608 eflicit)
680 2522 803 2588 consuit
830 2522 967 2588 metrias
992 2542 1064 2587 aum
1091 2524 1252 2588 aeriorum
1280 2522 1418 2589 mdieum
1445 2527 1511 2588 tum
1532 2523 1753 2603 Merobaudis,
1782 2543 1847 2590 non
1873 2525 2008 2591 retinuit

341 2633 471 2695 mterern
487 2625 643 2713 foliorum
661 2624 858 2711 eoneauml).
900 2646 989 2708 quem
1013 2630 1049 2690 ut
1066 2627 1278 2705 restituamus,
1300 2645 1400 2691 unum
1413 2625 1564 2692 lrabenms
1586 2631 1703 2692 eertum
1722 2628 1948 2694 testimouium:
1969 2630 2006 2693 in

336 2732 478 2818 popinae
498 2729 583 2795 araim
596 2731 662 2794 269
683 2727 857 2810 superioris
879 2747 952 2794 orae
970 2728 1088 2814 anqulo
1101 2729 1243 2808 sinistro,
1265 2729 1322 2812 qui
1341 2728 1411 2814 fuit
1431 2729 1468 2794 in
1486 2733 1585 2795 aetere
1607 2729 1689 2796 libro
1709 2730 1875 2816 inferioris
1889 2731 2006 2810 deam,

343 2836 459 2920 leqitur
476 2851 627 2900 numerus
644 2831 739 2915 vm,
757 2829 875 2916 folium
895 2832 995 2916 iqitar
1015 2832 1099 2914 quod
1118 2852 1159 2897 ea
1180 2832 1290 2898 ordine
1308 2833 1466 2916 primaria
1487 2833 1664 2899 continebat
1678 2836 1822 2919 paqinas
1842 2835 2004 2904 266-59.

339 2938 502 3006 270-69
523 2940 696 3002 eatrernum
721 2937 790 3000 erat
818 2935 1038 3018 quaternionis
1073 2933 1172 3002 Vm*
1199 2936 1236 3002 iu
1263 2934 1362 3002 codice
1392 2955 1479 3003 nune
1508 2935 1671 3018 discerpta.
1727 2935 1875 3021 66966666
1901 2942 2006 3004 auam
2057 2969 2058 2972 ¹

341 3062 379 3107 ”⁸
398 3041 451 3108 '⁸¹⁸
466 3057 616 3124 W&
725 3107 790 3170 eso
1021 3107 1087 3172 259
1304 3109 1370 3174 270
1576 3110 1642 3173 eoo

652 3230 677 3276 e.
695 3211 845 3288 1,1-23
948 3213 1158 3291 6.2,1-3,7
1255 3229 1346 3297 pros.
1360 3212 1425 3277 2A
1525 3230 1612 3294 pros.
1626 3211 1695 3278 2B

341 3353 408 3402 nou
430 3337 494 3400 tam
516 3337 597 3398 certe
620 3333 742 3398 constat
762 3329 800 3396 de
821 3331 887 3396 alia
903 3330 987 3417 folio
1008 3331 1092 3414 qaod
1106 3333 1319 3414 complectitur
1333 3353 1392 3416 pp.
1407 3332 1547 3398 256-5.
1568 3333 1708 3397 274-3.
1745 3333 1885 3400 eemitur
1899 3338 2004 3400 tanuen

336 3459 371 3522 p.
386 3439 517 3503 274-3
538 3434 707 3500 interualla
729 3433 961 3519 fusterna
989 3454 1072 3501 noaa
1094 3435 1262 3517 plicatura
1287 3439 1439 3517 separata
1465 3439 1553 3502 aetus
1567 3436 1751 3518 plicatura,
1773 3437 1863 3502 cuius
1885 3441 2004 3521 terqum

340 3541 464 3608 aidetm
484 3537 586 3622 fuisse
604 3557 639 3622 p.
654 3539 738 3617 273,
759 3556 825 3602 non
840 3558 877 3620 p.
892 3540 967 3618 274,
983 3538 1125 3622 popinae
1146 3538 1245 3622 iqitur
1266 3537 1331 3603 255
1354 3541 1384 3604 et
1403 3539 1469 3604 274
1491 3539 1657 3604 interiores
1683 3541 1776 3604 eraut
1800 3539 1896 3605 baius
1921 3539 2003 3621 salii,

337 3644 405 3710 256
427 3647 456 3709 et
476 3644 542 3708 273
566 3640 746 3706 exteriores.
790 3640 866 3706 base
886 3644 990 3706 uutan
1012 3641 1188 3708 continent:

730 3760 796 3826 256
1055 3761 1120 3827 255
1319 3764 1385 3826 274
1591 3764 1658 3828 273

633 3866 664 3942 3,
676 3866 708 3931 8.
741 3866 894 3944 4,1-22
996 3869 1027 3946 4,
1039 3866 1170 3931 23-46
1271 3866 1439 3948 pros.1A
1537 3867 1711 3949 pros.1B

337 4005 421 4070 quae
450 4004 519 4051 arm
545 3985 592 4050 ita
622 3983 689 4048 sint
709 3983 820 4070 faeere
847 4003 912 4051 non
929 4004 1059 4070 possum
1088 3987 1168 4069 quin
1194 3987 1320 4070 probem
1347 3986 1518 4054 Niebubrii
1539 3988 1747 4053 eonieetmam
1767 3989 1918 4070 ponentis
1949 3986 2006 4054 boa

339 4093 476 4159 alterum
487 4089 603 4175 folium
621 4107 685 4156 esse
706 4090 842 4157 eiusdem
856 4091 1075 4174 quaternionis
1095 4091 1195 4158 Vm*
1215 4096 1308 4176 atque
1325 4089 1396 4177 fuit
1410 4093 1492 4172 puto
1506 4089 1685 4168 66666666,
1706 4090 1728 4158 i.
1741 4090 1848 4172 priori
1869 4093 2005 4156 eatrerno

333 4195 531 4278 proximum,
561 4212 639 4258 nam
654 4197 887 4274 pentametrum
909 4195 954 4278 (3,
965 4196 1002 4276 8)
1023 4214 1109 4260 nune
1130 4194 1332 4260 dimidiatum
1359 4193 1396 4258 in
1419 4193 1580 4278 principio
1595 4213 1633 4274 p.
1647 4193 1713 4258 256
1734 4191 1784 4258 mil
1804 4192 1905 4258 obstat
1924 4193 2004 4274 quia

338 4299 510 4382 iunqamus
539 4316 608 4362 eum
636 4297 776 4362 aomina
797 4297 977 4382 3eleqiaao.
1027 4299 1170 4381 aequitem
1197 4303 1233 4364 ut
1251 4296 1437 4382 paneqyrici
1456 4296 1604 4378 proserii
1628 4315 1710 4377 pars
1739 4297 1776 4361 iu
1791 4315 1849 4380 pp.
1864 4294 2004 4358 274-3

339 4401 463 4483 sarepta
477 4399 651 4482 praecedat
670 4419 740 4465 eam
761 4419 842 4482 quae
862 4399 900 4464 iu
914 4419 973 4482 pp.
990 4401 1141 4466 270-69
1163 4401 1359 4485 aquoseitur,
1389 4399 1425 4464 id
1450 4399 1533 4481 quod
1559 4398 1652 4464 rebus
1674 4399 1817 4464 tractatis
1833 4396 2001 4480 probatur.

283 4563 287 4576 .
338 4501 426 4590 folia
436 4506 542 4569 666666
553 4501 615 4568 duo
626 4501 722 4568 buius
732 4501 950 4584 quaternionis
960 4502 1115 4569 interiora
1129 4522 1215 4570 nane
1225 4501 1388 4584 deperdita
1398 4501 1599 4569 continebant
1613 4501 1688 4568 alirn
1695 4503 1791 4584 finem
1806 4499 1959 4567 carminis
1970 4502 2002 4580 4,

338 4607 369 4672 si
387 4607 466 4689 finis
486 4605 578 4685 deest,
598 4604 670 4670 alio
687 4603 828 4691 sortasse
850 4606 995 4671 carmina
1016 4607 1142 4672 minora
1163 4609 1195 4673 et
1215 4606 1345 4672 initium
1364 4605 1551 4691 paneqqrici
1569 4605 1719 4687 prosaici.

444 4729 525 4792 quae
546 4711 670 4774 restant
689 4707 752 4774 duo
769 4707 857 4793 folia
877 4710 1017 4778 257-8.
1038 4711 1170 4776 271-2
1195 4714 1225 4776 et
1244 4712 1384 4776 263-7.
1408 4711 1539 4775 262-1
1560 4709 1680 4792 repleta
1706 4711 1782 4774 sunt
1803 4705 2002 4784 ammira,

336 4831 416 4895 quos
445 4811 544 4876 unius
569 4811 606 4876 iu
627 4811 758 4878 Aetium
777 4813 967 4896 paneqqrici
995 4831 1060 4878 esse
1087 4831 1139 4878 res
1166 4817 1320 4878 narratae
1348 4811 1546 4879 concinerent.
1597 4815 1691 4894 atque
1716 4811 1754 4876 de
1783 4809 1893 4875 ordine
1923 4813 2003 4876 recte

338 4915 492 4982 iudicavit
505 4913 650 4982 Niebuhr
664 4914 724 4999 (ad
737 4935 764 4980 6.
782 4915 839 4996 50)
854 4915 1018 4992 statuendo
1035 4933 1100 4982 esse
1114 4915 1251 4982 eiusdem
1265 4915 1485 4998 quaternionis
1500 4915 1644 4998 primam
1658 4915 1681 4980 i.
1696 4917 1868 4980 extremum
1883 4909 2002 4999 folium

336 5019 505 5101 (nanterus
526 5019 626 5101 periit
650 5019 687 5084 iu
715 5019 858 5103 marqine
885 5016 1039 5104 inferiore
1066 5019 1201 5103 absciso)
1227 5023 1256 5084 et
1278 5019 1420 5098 tertium,
1447 5018 1551 5084 deesse
1576 5018 1676 5102 iqitur
1700 5021 1772 5100 post
1801 5036 1829 5082 a.
1849 5017 1892 5080 49
1920 5015 2003 5080 duas

332 5123 486 5206 popinas,
501 5125 577 5206 post
591 5123 635 5186 97
655 5125 813 5205 quattuor,
831 5126 904 5205 post
919 5124 983 5186 143
1003 5122 1096 5190 duas.

442 5229 478 5290 at
498 5226 535 5290 iu
556 5244 624 5289 uua
644 5244 680 5290 re
699 5225 885 5308 pravissime
899 5226 1019 5292 erravit
1040 5227 1092 5292 air
1114 5225 1320 5292 clarissimus.
1364 5227 1489 5292 eadelm
1504 5227 1597 5304 enirn,
1619 5223 1763 5307 quamuis
1778 5227 1866 5290 caute
1882 5243 1918 5305 p.
1935 5221 1987 5288 VI
1989 5225 2003 5264 ²

197 5351 199 5356 ·
337 5328 433 5394 uerba
449 5329 606 5413 6666662,
635 5331 740 5393 tamen
765 5329 850 5394 bane
874 5329 1010 5395 alterum
1035 5330 1273 5412 quaternionem
1298 5348 1481 5396 nuorerasse
1503 5349 1563 5412 pro
1584 5327 1659 5394 1Χο
1681 5327 1814 5411 indeque
1835 5325 2000 5392 6666666666

444 5517 470 5588 ι)
489 5517 525 5582 a.
543 5515 599 5572 aa.
618 5517 673 5572 aa.
691 5517 784 5572 mm.
802 5523 868 5574 aa
878 5533 909 5587 p.
922 5523 962 5573 a.
1050 5518 1078 5584 2)
1095 5517 1170 5587 fara
1186 5517 1302 5588 aqua
1318 5516 1465 5574 marm
1477 5516 1625 5587 666666
1637 5515 1803 5584 proauos·
1819 5479 1935 5570 oasa
1952 5512 2002 5569 aa

337 5601 454 5756 mcii*
466 5601 596 5757 ‘essm
607 5608 719 5659 6666666
742 5603 841 5660 librum
863 5603 951 5659 latum
972 5603 1059 5671 fuisse
1083 5609 1141 5675 sere
1159 5611 1263 5673 1666..
1289 5605 1373 5660 alum
1394 5604 1452 5672 sere
1469 5610 1504 5660 26
1518 5619 1583 5668 arn..¹
1608 5603 1689 5659 oodra
1710 5601 1759 5672 qui
1778 5616 1855 5658 nuuc
1871 5605 1908 5656 est
1924 5599 2002 5656 babet
