4554 6396
722 369 739 374 ”
785 366 955 426 'llVGllNll
990 369 1260 428 DRAGON'I'IANA
1293 413 1298 422 .

567 542 695 636 actibus
718 549 775 609 eut
797 543 904 610 fessus
928 551 1065 630 quaeret
1086 548 1295 633 requiescere
1319 547 1462 630 leudem,

567 648 622 733 qui
644 668 775 734 semper
796 649 962 734 requietus
986 649 1053 735 egit
1075 650 1264 738 faciensque
1288 653 1436 738 quiescit,

568 750 626 818 sed
650 750 737 838 quod
761 773 854 818 socru
876 753 969 839 quies
992 754 1111 840 typicis
1135 754 1293 842 adoperta
1315 757 1428 842 figuris

565 857 669 921 mults
691 862 785 942 geret
808 856 911 944 signis
935 863 970 923 et
992 857 1116 944 pendet
1137 860 1275 946 mystice
1297 859 1401 927 nobis.

565 958 654 1026 dicte
676 959 729 1026 dei
751 961 894 1047 requies,
918 960 1004 1048 quod
1026 962 1125 1028 rebus
1147 963 1216 1028 iure
1240 963 1391 1030 creandis

565 1064 639 1150 ipse
659 1064 774 1131 modus
796 1065 905 1132 fueret
929 1067 1053 1132 cunctis
1076 1073 1110 1132 st
1133 1067 1277 1133 maxims
1299 1068 1387 1144 finis;

567 1189 643 1234 nem
665 1190 751 1235 nove
773 1190 922 1256 quseque
945 1170 1037 1255 fiunt,
1060 1171 1126 1236 ism
1148 1177 1225 1237 tuuc
1248 1171 1353 1237 ordita
1374 1171 1565 1259 probentur.

565 1272 652 1339 dicte
675 1273 729 1340 dei
751 1275 892 1361 requies,
917 1274 1003 1362 quod
1026 1281 1138 1341 nostre
1161 1275 1344 1364 redemptio
1368 1275 1518 1342 Christus

565 1376 599 1441 in
622 1398 720 1444 cerne
744 1379 881 1444 venicus
903 1385 938 1444 et
961 1379 1068 1445 cernis
1091 1379 1200 1446 vincis
1222 1379 1391 1447 resolvens

565 1480 628 1547 hoe
649 1481 809 1548 redeunte
834 1482 886 1548 die
909 1481 998 1549 felici
1021 1489 1125 1550 morte
1148 1484 1281 1571 quievit.

564 1585 652 1652 dicte
674 1586 728 1652 dei
751 1587 891 1673 requies,
914 1587 1001 1676 quod
1023 1609 1083 1654 nos
1107 1595 1180 1676 post
1202 1588 1291 1656 mille
1314 1589 1443 1656 labores

564 1692 653 1759 solus
677 1693 799 1780 ubique
823 1694 937 1760 fovens
961 1695 994 1760 in
1016 1715 1052 1760 se
1075 1695 1282 1781 requiescere
1306 1697 1392 1782 cogit

563 1817 624 1862 nso
647 1795 744 1863 detur
765 1797 833 1862 ulle
856 1798 948 1883 quies
972 1799 1100 1864 miseris
1122 1799 1186 1864 nisi
1209 1799 1345 1886 suscipit
1367 1800 1449 1887 ipse.

464 1947 465 1950 ,
564 1900 651 1968 diets
674 1921 803 1988 quoque
826 1903 968 1987 requies,
992 1901 1157 1968 mundans
1179 1902 1263 1990 quod
1287 1904 1371 1968 ectio
1393 1925 1552 1990 praesens

563 2011 637 2092 post
662 2027 723 2071 sex
746 2012 886 2088 aetates,
910 2027 990 2093 quss
1013 2006 1153 2071 mundus
1176 2005 1209 2071 in
1232 2005 1345 2073 ordine
1361 2007 1477 2088 currit,

563 2111 630 2175 otis
651 2110 840 2197 percipiens
864 2117 999 2177 eetems
1019 2131 1100 2198 paee
1123 2111 1272 2197 quiescit.

564 2214 653 2280 dicte
675 2234 804 2302 quoque
827 2216 970 2302 requies,
994 2237 1078 2303 quse
1103 2215 1198 2282 nobis
1222 2217 1338 2282 ultime
1360 2237 1430 2282 sors
1454 2223 1515 2299 est,

561 2343 639 2388 uem
660 2323 747 2388 vites
771 2343 869 2388 cursu
892 2321 1078 2389 mundanae
1102 2323 1197 2388 molis
1220 2321 1262 2388 sd
1285 2323 1389 2388 instsr

562 2449 623 2494 sex
647 2433 723 2493 sunt
745 2433 872 2494 aetates
894 2426 1036 2494 hominis
1060 2433 1094 2494 et
1115 2428 1256 2515 septime
1278 2449 1366 2493 mors
1389 2434 1448 2494 est.

561 2532 668 2619 prime
691 2537 783 2598 tenet
805 2537 913 2597 ortum
935 2533 1066 2618 generis
1088 2533 1226 2598 infantie
1248 2532 1398 2618 simplex,

562 2636 667 2702 alters
690 2634 807 2702 deinde
831 2637 972 2722 pueritie
995 2637 1102 2702 mollis
1125 2635 1274 2716 hebetur,

567 2741 665 2805 tertie
687 2759 771 2826 quse
796 2741 944 2827 sequitur
966 2740 1038 2828 ipse
1059 2742 1221 2807 vocitetur
1243 2740 1366 2819 adulte,

562 2850 678 2930 quertc
700 2845 785 2930 gerit
809 2845 939 2910 virtutis
962 2865 1058 2932 opem
1082 2845 1232 2931 speciose
1254 2845 1398 2927 iuventa,

563 2949 677 3034 quinte
700 2954 834 3015 senecta
856 2948 966 3035 gravis
989 2954 1023 3014 et
1046 2949 1079 3013 in
1101 2948 1218 3014 ultime
1240 2953 1388 3035 tempore
1410 2968 1560 3034 vergens,

563 3059 659 3118 sexte
681 3051 771 3118 venit
792 3053 927 3136 senium,
952 3073 1037 3139 quse
1059 3053 1147 3118 ritae
1170 3053 1324 3118 terminet
1346 3073 1475 3122 sevum.

646 3155 729 3222 haec
752 3157 822 3238 tibi,
845 3178 906 3222 rex
929 3176 1064 3239 summe,
1088 3157 1179 3223 iussu
1202 3157 1375 3244 conpulsus
1399 3155 1504 3236 herili,

455 3276 490 3333 35
561 3261 711 3327 servulus
733 3258 905 3346 Eugenius
928 3259 1048 3327 devote
1070 3267 1180 3328 mente
1204 3260 1320 3328 diceri.

300 3503 553 3571 liquiescsrsWiqb.
625 3500 659 3555 10
670 3501 838 3570 isciesqusP
907 3502 939 3555 11
958 3511 1096 3572 estopsrte
1104 3503 1181 3572 qu.
1251 3502 1283 3555 14
1297 3505 1375 3556 fuerit
1384 3503 1472 3570 Wiqo,
1491 3505 1557 3556 leret
1568 3502 1620 3555 FP
1688 3501 1852 3572 15qussque

197 3591 257 3644 ΜΡ
271 3593 359 3659 usqu,
385 3609 436 3658 que
454 3591 481 3642 P
556 3591 610 3642 iem
634 3597 691 3642 tum
714 3591 833 3643 ordinate
848 3590 935 3656 Wtqo,
959 3593 1009 3643 isrn
1032 3599 1096 3644 tunc
1122 3592 1207 3644 ordita
1230 3591 1269 3657 Μ,
1291 3593 1342 3643 ism
1364 3589 1424 3656 (luce
1447 3591 1537 3644 deleoss
1561 3590 1603 3641 Μ’
1621 3599 1644 3642 et
1666 3607 1715 3642 om.
1733 3589 1767 3654 P)
1789 3599 1852 3644 tunc

195 3679 312 3731 ordinata
330 3677 382 3730 FP
463 3676 496 3730 16
514 3695 566 3746 quo
585 3677 705 3730 dominus
722 3693 753 3730 so
770 3678 893 3730 redemtio
903 3677 980 3744 Wsyd.
1063 3676 1094 3730 17
1113 3679 1222 3730 ueniens
1245 3695 1276 3730 cc
1291 3677 1368 3745 Wiqb.
1447 3675 1480 3729 19
1499 3695 1544 3745 pos
1562 3676 1603 3727 ΡΙ
1681 3675 1714 3729 21
1733 3676 1850 3746 suscipit]
1873 3675 1878 3684 '

195 3767 266 3818 susci
294 3768 398 3816 mum?
426 3780 508 3830 supra
535 3780 658 3814 rasurum
685 3762 715 3814 F
814 3760 849 3814 22
871 3771 934 3830 port
960 3781 1063 3831 quoque
1088 3781 1170 3830 supra
1189 3781 1290 3815 cesum
1312 3764 1415 3828 occurrit
1436 3770 1475 3814 est
1495 3763 1544 3827 ΙΝ,
1569 3772 1610 3816 est
1634 3764 1806 3817 deherstiam
1828 3765 1854 3816 P

229 3849 264 3903 23
282 3869 348 3918 quos
367 3850 417 3903 FP
488 3845 522 3902 24
540 3850 684 3918 precipiens
702 3849 735 3899 Μ
810 3847 844 3900 25
861 3857 891 3899 ut
907 3868 930 3902 c.
947 3847 981 3900 22
1056 3849 1091 3902 26
1109 3867 1201 3902 cursus
1217 3850 1304 3916 Wiyb,
1321 3867 1400 3902 cursu
1418 3849 1455 3917 Μ,
1474 3867 1578 3902 cursum
1597 3850 1648 3902 FP
1720 3848 1754 3903 27
1772 3852 1852 3913 homi·

195 3954 257 3989 num
275 3937 307 3987 Μ
392 3934 426 3990 28
443 3938 547 3990 hortum
566 3936 595 3987 F
676 3934 711 3988 ‘29
729 3943 791 4001 post
808 3935 899 3986 deinde
918 3936 1024 3988 addidit
1042 3937 1098 3988 loco
1117 3937 1264 3987 rubricator
1281 3938 1310 3987 in
1327 3936 1362 3986 M
1444 3932 1511 4003 3οῆ
1531 3935 1571 3986 F¹
1591 3954 1659 3989 corr.
1677 3939 1706 3990 iu
1724 3955 1792 4006 quus
1809 3939 1851 3990 1⁴³¹

229 4026 359 4077 uocitatur
383 4024 474 4077 adulte
496 4025 525 4075 iu
543 4040 632 4076 -smus
656 4023 772 4076 adultam
796 4039 863 4075 cerr.
881 4023 1029 4075 muricatos
1046 4024 1074 4074 in
1091 4022 1126 4073 Μ
1208 4020 1240 4074 31
1261 4024 1356 4075 urtutis
1373 4022 1403 4074 Μ
1410 4023 1418 4055 ¹
1490 4023 1663 4092 iubentusF,
1686 4026 1810 4078 iuuentus
1827 4026 1854 4077 P

230 4109 264 4164 32
282 4121 308 4164 st
325 4113 352 4163 in
375 4111 414 4173 M,
437 4117 464 4163 st
485 4110 552 4176 (ceu
566 4113 605 4172 in)
621 4111 708 4178 Wtqe,
729 4113 762 4164 sd
778 4110 845 4176 (sim
868 4112 905 4170 et)
923 4109 975 4161 FP
1068 4108 1103 4163 33
1125 4111 1171 4176 qui
1189 4109 1246 4172 FP,
1268 4111 1336 4178 quod
1354 4110 1413 4162 edd.
1508 4107 1543 4162 34
1560 4119 1584 4162 et
1604 4108 1638 4163 35
1660 4129 1712 4163 uuo
1733 4130 1808 4164 uersu
1825 4111 1855 4163 F

228 4215 327 4250 summe
345 4215 394 4252 om.
410 4197 512 4250 Iuliani
528 4199 583 4250 cod.
604 4198 693 4250 Pelet.
768 4197 802 4251 35
819 4199 941 4250 seruulus
959 4204 989 4249 ut
1005 4198 1078 4265 potui
1095 4197 1172 4264 Wspb.
1242 4198 1332 4249 diksri
1350 4195 1409 4264 (ric)
1427 4196 1466 4260 Μ,
1483 4197 1571 4249 dicsui
1587 4197 1672 4266 qub.,
1690 4199 1789 4252 dicauit
1800 4199 1853 4252 FP

228 4289 323 4340 FlNl'P
340 4289 406 4340 SEX
423 4289 558 4339 DIERUM
575 4288 854 4340 Rucnrluuufflo
872 4289 917 4340 ΕΤ
935 4288 1008 4338 DIEI
1026 4288 1165 4339 SEPTIMI
1184 4287 1382 4338 ENARRA'I'IO
1400 4285 1532 4348 subscribit
1550 4285 1584 4336 Μ

297 4509 330 4563 27
347 4513 397 4562 rut.
411 4509 533 4580 221(189)
552 4526 600 4566 sex
618 4512 684 4564 sunt
702 4513 810 4566 setstes
828 4510 981 4567 hominum.
1000 4511 1035 4577 cs.
1049 4510 1115 4566 Isid.
1129 4510 1195 4581 clip.
1211 4519 1246 4579 11,
1260 4517 1284 4577 2,
1298 4517 1363 4566 1=8
1441 4509 1476 4565 34
1494 4509 1596 4564 Iudico.
1612 4509 1667 4564 Tol.
1679 4525 1727 4564 ors
1735 4525 1847 4578 promtu.

194 4620 251 4680 1,1,
266 4619 301 4668 sc
316 4591 570 4684 mammos.
585 4613 795 4682 ooxxxrre
813 4617 960 4686 eampum
978 4633 1012 4671 ae
1029 4615 1176 4685 erucem.
1215 4615 1353 4682 meorum
1370 4631 1450 4671 earm.
1463 4621 1503 4683 23,
1518 4621 1550 4670 ss
1567 4631 1638 4684 quas
1656 4631 1708 4685 ego
1727 4612 1847 4668 reuom-

192 4715 236 4772 ius
254 4717 343 4774 cecini
363 4717 414 4773 sub
432 4717 546 4774 nomine
563 4718 653 4790 regis,
676 4721 802 4775 servulus
824 4721 941 4792 exiguus
964 4721 1041 4778 iussu
1059 4721 1210 4793 conpulsus
1233 4720 1295 4776 erili
1381 4720 1415 4776 35
1436 4717 1847 4790 cmpp,10u.s‚1meulpam

192 4820 295 4879 devote
311 4826 407 4879 mente
425 4822 517 4894 piavit
