4538 6398
396 362 458 467 184
952 399 1103 456 EVGENII
1122 392 1309 453 nonarum
1328 397 1493 453 EPISCOPI

324 579 343 639 6
500 575 533 640 iu
564 575 659 642 nobis
690 581 800 641 autem
830 575 892 640 etsi
922 573 984 640 fuit
1013 573 1215 659 aliquantula
1245 573 1434 638 scientiolae
1457 571 1640 637 modiculae
1663 571 1798 654 venula,
1826 573 2053 657 ingruentibus

397 678 656 764 aegritudinibus
685 685 718 744 et
747 699 897 743 curarum
927 677 1093 742 multifidis
1126 676 1376 763 tempestatibus
1411 678 1457 742 ita
1485 677 1616 762 penitus
1653 679 1820 742 exsiccata
1848 676 1984 761 deiecit,
2017 684 2054 741 ut

397 801 457 846 nec
491 781 616 846 tantillo
653 781 772 847 sudore
807 783 953 848 distillet.
1009 781 1085 846 inde
1113 803 1172 867 per
1205 802 1279 846 eum
1314 789 1345 846 te
1380 802 1510 868 precor,
1545 783 1638 846 cuius
1672 781 1756 846 dono
1791 782 1923 862 beatus,
1961 784 2054 847 cuins

396 885 607 950 instructione
640 886 762 971 peritus
798 907 871 950 esse
900 884 1050 972 probaris
1079 891 1113 949 et
1140 884 1269 967 doctus,
1306 892 1342 950 ut
1376 907 1428 950 me
1456 883 1497 950 de
1527 885 1578 950 bis
1613 884 1722 950 causis
1756 885 1924 950 celerrime
1959 907 2055 951 sacra

395 990 442 1053 tui
466 990 531 1054 oris
554 989 695 1054 iussione
718 991 889 1054 certifices.
2074 1009 2087 1046 s

1205 1195 1240 1260 II

427 1339 612 1416 DOMINO
639 1339 999 1414 SlNGVLARlTER
1025 1341 1124 1414 MEO
1160 1331 1421 1415 llvtillNlo
1454 1339 1657 1414 PRIMATl
1685 1340 2024 1416 EPlSCOPORllM

650 1469 906 1554 BRAVLIO
940 1478 1126 1552 SERVVS
1155 1477 1359 1552 INVTlLlS
1387 1477 1682 1552 SANCTORVM
1709 1480 1800 1555 DEI.

501 1646 536 1710 si
569 1647 718 1712 inmense
750 1667 898 1711 curarum
933 1666 1056 1730 genere
1090 1667 1155 1710 non
1189 1667 1242 1710 me
1275 1645 1572 1728 circumvallarent,
1607 1645 1633 1710 si
1667 1647 1820 1733 procellis
1853 1647 1919 1711 suis
1944 1646 2056 1710 mundi

398 1752 545 1836 nequitia
574 1773 638 1816 non
662 1752 861 1828 obvolveret,
894 1751 920 1814 si
944 1749 1083 1834 denique
1108 1749 1342 1814 oblatrantium
1365 1748 1547 1814 invidorum
1572 1771 1652 1836 erga
1678 1771 1729 1814 me
1758 1751 1913 1836 strepitus
1941 1752 2057 1815 sileret

400 1876 463 1918 nec
489 1854 640 1936 solitudo,
663 1856 695 1919 in
720 1876 785 1940 qna
801 1855 917 1918 merito
934 1853 1110 1918 destitutus
1127 1851 1254 1935 obveni,
1277 1859 1426 1934 terreret,
1450 1874 1510 1917 nec
1534 1856 1580 1918 sic
1604 1875 1731 1940 quoque
1747 1853 2057 1938 interrogationibus
2077 1872 2105 1912 ιο

400 1959 518 2022 vestris
541 1956 696 2022 inauditis
719 1958 798 2022 mihi
823 1965 856 2022 et
878 1959 1059 2043 inexpertis
1082 1957 1194 2036 facile,
1223 1963 1259 2022 ut
1283 1957 1395 2037 iubes,
1426 1979 1620 2044 responsum
1643 1957 1825 2038 redderem,
1849 1979 1921 2022 curn
1946 1963 1980 2022 et
2003 1978 2058 2020 res

399 2063 566 2146 incognita
590 2062 733 2126 animum
757 2061 866 2126 turbet
889 2083 950 2127 nec
973 2067 1049 2126 ante
1072 2062 1222 2148 praevisa
1249 2067 1283 2124 et
1312 2060 1367 2126 diu
1396 2061 1553 2126 meditata
1582 2061 1676 2126 lacile
1704 2082 1896 2147 responsum
1924 2059 2056 2125 babeat.

400 2167 506 2230 sentio
530 2172 640 2230 tamen
665 2166 821 2230 acuminis
844 2166 891 2230 tui
916 2165 1123 2252 prudentiam
1147 2164 1227 2229 illud
1250 2166 1336 2230 velle
1365 2165 1399 2230 in
1421 2186 1474 2229 mc
1497 2166 1662 2251 experire,
1692 2165 1778 2250 quod
1807 2164 1886 2228 mihi
1914 2169 2059 2248 nequeat

400 2270 550 2356 inpedire
586 2277 621 2333 et
647 2271 796 2356 peritiam
833 2290 917 2356 quae
946 2270 1040 2334 deest
1074 2271 1146 2334 aliis
1183 2270 1367 2335 ostendere.
1414 2270 1499 2334 velle
1524 2277 1614 2334 tuum
1644 2271 1764 2334 bonum
1788 2269 1970 2356 persentio,
1998 2265 2059 2331 sed

401 2395 498 2460 posse
521 2395 628 2438 meum
653 2394 716 2438 uon
739 2375 863 2458 ignoro.
909 2373 986 2460 quid
1018 2375 1103 2438 enim
1134 2375 1166 2438 in
1190 2373 1284 2438 nobis
1308 2381 1364 2438 aut
1395 2375 1586 2458 quantulum
1611 2380 1675 2456 est,
1702 2373 1788 2460 quod
1819 2373 1935 2438 doctae
1968 2372 2058 2438 vocis
2079 2394 2106 2434 rs

400 2479 574 2565 praeconio
604 2477 649 2540 ita
671 2477 820 2559 adtollis,
852 2481 888 2541 ut
915 2498 1050 2562 segnem
1079 2485 1112 2542 et
1143 2497 1249 2563 paene
1283 2477 1347 2542 iarn
1378 2497 1490 2542 senem
1525 2478 1660 2542 oblitum
1692 2478 1743 2542 sui
1772 2477 1941 2562 adtingere
1971 2477 2060 2542 celsa

402 2603 502 2666 cogas
526 2590 558 2646 et
574 2587 763 2646 veteranum
788 2581 850 2644 iam
874 2586 972 2666 atque
995 2581 1118 2646 utinam
1142 2601 1207 2644 non
1231 2581 1445 2646 inveteratum
1469 2581 1502 2644 in
1525 2581 1575 2646 his
1598 2582 1842 2666 quaestionibus
1859 2581 2059 2662 introducas,

329 2699 348 2760 3
402 2687 435 2750 in
467 2686 585 2771 quibus
619 2689 670 2748 est
703 2685 886 2770 perniciosa
912 2685 1091 2749 nescientia
1131 2691 1163 2748 et
1197 2685 1335 2749 scientia
1365 2691 1658 2771 praesumptuosa?
1709 2691 1946 2763 verumtamen,
1981 2687 2060 2772 quia

236 2817 352 2870 ronnas
402 2789 449 2854 ait
471 2790 587 2853 unicus
610 2790 767 2873 magister
796 2794 830 2853 et
852 2787 965 2852 doctor
989 2789 1153 2869 caelestis,
1183 2790 1237 2874 qui
1265 2789 1361 2853 docet
1391 2788 1555 2854 hominem
1584 2790 1754 2854 scientiam
1785 2787 1874 2876 ‘quia
1905 2791 1974 2854 sine
2005 2811 2060 2856 rue

236 2892 483 2974 pennennnihil
508 2893 662 2978 potestis,
686 2912 813 2956 mecum
837 2893 947 2956 autem
970 2893 1079 2956 omnia
1102 2890 1261 2977 poteritis’
1295 2894 1467 2958 etiterum
1497 2892 1655 2979 propheta
1688 2891 1847 2958 ‘dominus
1870 2893 1961 2959 dabit
1985 2915 2060 2959 ver·
2081 2927 2108 2968 20

237 2996 493 3076 psossnnbum'
535 3001 633 3080 atque
668 2996 785 3059 iterum
824 2992 926 3080 ‘aperi
957 3015 993 3059 os
1030 3003 1136 3076 tuum,
1170 3003 1203 3059 et
1232 3016 1293 3082 ego
1326 2996 1502 3082 adinplebo
1537 2995 1629 3060 illud’
1672 3019 1730 3082 pro
1765 2998 1854 3062 iussu
1887 3005 1960 3080 tuo,
1999 3020 2061 3084 pro

404 3098 559 3185 obsequio
591 3119 681 3182 meo,
711 3119 769 3184 pro
798 3121 857 3185 spe
884 3099 984 3164 divini
1014 3101 1183 3185 promissi,
1214 3121 1272 3186 pro
1301 3121 1340 3165 eo
1371 3099 1457 3186 quod
1486 3100 1566 3165 nihil
1596 3101 1789 3187 inpossibile
1819 3109 1870 3166 est
1901 3101 2061 3180 credenti,

402 3203 570 3290 temptabo
600 3203 708 3268 dicere
737 3208 772 3266 ut
800 3211 937 3288 potuero
969 3211 1002 3268 et
1034 3212 1070 3268 ut
1105 3204 1184 3268 mihi
1212 3205 1268 3280 ille
1295 3205 1480 3269 ministrare
1510 3207 1658 3288 iusserit,
1686 3207 1739 3291 qui
1767 3206 1940 3270 ecelesiam
1964 3227 2062 3270 suam

404 3310 502 3393 regit,
534 3309 561 3372 si
589 3328 653 3393 qua
681 3307 826 3371 invenire
849 3308 998 3392 quivero,
1028 3313 1061 3372 et
1084 3308 1142 3372 tibi
1165 3329 1239 3373 meo
1263 3307 1392 3373 domino
1416 3315 1637 3373 consentanea
1659 3309 1776 3374 rationi
1798 3309 1949 3374 narrabo.
1995 3311 2063 3374 ism

404 3419 494 3476 tuum
524 3413 586 3476 erit
615 3434 655 3476 ee
684 3429 768 3494 quae
792 3431 932 3496 suggero
968 3410 1168 3476 discretione
1198 3432 1264 3497 qua
1292 3412 1397 3496 viges,
1430 3411 1574 3476 sollertia
1602 3433 1666 3498 qua
1694 3413 1813 3500 polles,
1844 3414 2062 3478 instructione
2082 3447 2108 3486 ,ι

406 3536 470 3600 qua
504 3515 679 3602 plurimum
708 3517 799 3581 vales
834 3524 868 3580 et
902 3515 1084 3602 adprobare
1118 3522 1209 3580 rocta
1241 3521 1275 3580 et
1308 3516 1470 3600 corrigere
1507 3523 1615 3580 errata
1649 3525 1682 3581 et
1714 3523 1828 3602 tegere
1861 3517 1996 3603 indigna
2026 3525 2071 3581 et

405 3640 552 3684 reserare
576 3619 685 3706 digna.

510 3725 607 3809 igitur
636 3726 699 3789 iam
732 3724 773 3790 ad
796 3725 883 3810 ipsas
915 3744 1031 3789 causas
1055 3724 1234 3789 veniamus.
1280 3723 1361 3788 dicis
1392 3731 1427 3788 tu
1460 3724 1493 3788 in
1517 3725 1664 3810 epistolis
1699 3725 1764 3789 tuis
1790 3723 1854 3789 duo
1885 3723 2063 3788 observata

405 3827 504 3892 luisse
528 3830 561 3892 in
585 3830 725 3893 ecclesia
749 3836 816 3912 tua,
840 3828 926 3893 unde
954 3827 1156 3893 contabescit
1179 3829 1287 3892 anima
1310 3833 1385 3903 tua,
1416 3833 1449 3892 et
1478 3829 1555 3914 qnid
1578 3829 1713 3894 remedii
1737 3827 1904 3909 adhibeas,
1928 3829 2062 3914 penitus

406 3931 576 3996 scientiam
590 3940 731 3997 vestram
748 3953 813 3997 nou
828 3932 963 3998 habere.
994 3931 1118 3996 scilicet
1135 3931 1175 3995 dc
1189 3930 1326 4017 quodem
1340 3931 1450 4012 fratre,
1467 3931 1507 3996 de
1524 3953 1588 4017 quo
1605 3932 1757 4013 scribitis,
1774 3933 1827 4017 qui
1844 3953 1907 3996 non
1924 3939 2062 4018 accepto
2080 3957 2107 3996 so

406 4033 603 4122 presbyterii
627 4035 731 4120 gradu
754 4036 949 4122 presbyterii
972 4036 1100 4121 peragit
1124 4035 1280 4110 olficium;
1305 4041 1337 4100 et
1360 4041 1396 4099 ut
1419 4057 1551 4100 causam
1576 4057 1705 4100 omnem
1727 4057 1922 4122 exponeres,
1946 4057 2063 4100 narras

408 4159 482 4202 eum
506 4139 608 4204 luisse
633 4139 899 4204 molestissimum
923 4141 1128 4224 praecessori
1146 4145 1265 4220 vestro,
1290 4141 1343 4224 qui
1366 4138 1512 4225 ‘rogatos
1535 4161 1555 4203 a
1577 4160 1655 4225 rege
1679 4146 1714 4203 ut
1737 4159 1810 4203 eum
1832 4139 2062 4226 presbyterum

406 4242 588 4326 ordinaret,
619 4243 696 4329 quia
723 4243 860 4308 iussioni
884 4243 1038 4330 principis
1062 4244 1216 4307 resistere
1247 4263 1312 4306 non
1341 4241 1546 4329 praevaluit’,
1575 4241 1626 4328 (ut
1652 4243 1770 4308 vestris
1801 4243 1909 4308 verbis
1932 4244 2063 4328 loquar)

406 4344 479 4411 ‘boc
512 4367 617 4431 genus
651 4347 802 4412 factionis
833 4349 967 4413 invenit.
1011 4345 1105 4411 duxit
1139 4368 1214 4411 eum
1248 4346 1492 4428 adulterium,
1522 4367 1654 4412 manum
1688 4349 1718 4411 ei
1752 4368 1817 4412 non
1840 4347 1994 4432 imposuit
2029 4355 2064 4412 et

407 4450 614 4516 cantantibus
650 4452 776 4516 clericis
809 4453 842 4516 in
870 4451 1019 4533 excelso,
1055 4472 1113 4536 pro
1142 4449 1373 4516 benedictione
1404 4451 1664 4516 maledictionem
1692 4449 1832 4530 effudit’,
1867 4451 1952 4514 sicut
1988 4451 2060 4536 ipse
2081 4486 2108 4526 25

407 4575 600 4641 praecessor
643 4562 752 4621 vester
790 4555 852 4620 hoc
894 4556 1043 4642 personis
1083 4555 1208 4620 idoneis
1250 4563 1284 4622 et
1318 4557 1382 4621 sibi
1422 4555 1598 4620 carissimis
1636 4553 1843 4640 postmodum
1881 4554 2063 4640 publicavit

408 4661 591 4743 coniurans,
615 4665 651 4724 ut
673 4659 733 4724 hoc
757 4659 911 4746 quamdiu
934 4661 1004 4746 ipse
1021 4660 1148 4726 viveret
1171 4661 1358 4729 reticerent.
1404 4658 1578 4746 quidinde
1602 4659 1673 4723 lieri
1697 4657 1825 4738 debeat,
1849 4679 1868 4721 a
1891 4678 1943 4721 me
1968 4655 2063 4722 iubes

407 4769 581 4848 expetere,
605 4764 682 4848 quia
704 4764 856 4848 ignorare
880 4784 936 4828 vos
959 4763 1082 4845 dicitis,
1106 4771 1213 4829 utrum
1237 4764 1410 4850 presbyter
1432 4763 1602 4843 habeatur,
1625 4782 1667 4825 an
1690 4761 1717 4826 si
1741 4761 1803 4844 illi,
1827 4759 1880 4846 qui
1904 4781 1963 4846 per
1986 4781 2063 4826 eum

408 4868 582 4932 chrismate
606 4869 792 4953 praenotati
815 4875 901 4947 sunt,
924 4874 1014 4932 recte
1038 4867 1254 4934 Christicolae
1278 4869 1469 4934 vocitentur.

511 5058 563 5128 [ll]
599 5061 652 5111 LE
719 5058 910 5112 assertionum
930 5059 961 5123 L,
980 5077 1048 5113 corr.
1061 5059 1089 5110 Ε
1160 5059 1194 5112 10
1210 5061 1284 5112 nolui
1305 5062 1333 5112 in
1350 5077 1429 5127 quam
1448 5063 1565 5114 inmerito
1588 5061 1645 5114 licet
1662 5067 1787 5126 queratur
1805 5059 1837 5110 de
1854 5057 1972 5125 Eugenio
1991 5057 2065 5110 ἰιιιιιι

406 5149 473 5216 regis
492 5148 540 5199 stoi
557 5148 645 5198 adlato
716 5149 851 5200 destitutos
869 5165 935 5198 corr.
953 5148 980 5198 ιἰι
999 5147 1083 5200 ·nsL
1171 5146 1204 5199 12
1222 5149 1317 5200 habent
1334 5165 1387 5214 epo,
1404 5149 1520 5201 habeant
1537 5147 1589 5198 LE
1674 5147 1706 5198 13
1731 5147 1868 5214 prudentia
1892 5146 1923 5210 L,
1946 5163 2017 5197 cora.
2040 5145 2068 5196 Ε

441 5237 557 5302 experire
575 5237 611 5286 sic
629 5235 687 5300 LE,
705 5235 825 5302 expedire
843 5233 953 5286 Stratocls
1024 5233 1056 5285 14
1069 5235 1296 5299 pronuntiandam
1308 5235 1367 5300 aljis
1438 5237 1584 5303 praesentio
1596 5233 1646 5302 (E)
1657 5235 1716 5286 edd.
1789 5233 1822 5286 15
1839 5234 1960 5284 clauicula
1971 5235 2067 5285 rarior

407 5323 492 5374 meum
511 5339 562 5374 non
580 5323 671 5389 ignoro
760 5320 791 5373 l'l
812 5339 891 5387 cogas
909 5338 962 5386 ego,
980 5323 1082 5388 cogaris
1099 5321 1163 5384 Lm·
1189 5338 1268 5386 neqrse
1285 5323 1352 5373 enim
1370 5322 1490 5373 elenando
1508 5324 1598 5374 melior
1615 5323 1711 5390 suffieit
1732 5329 1761 5371 ut
1779 5321 1909 5386 deponens
1923 5321 2067 5385 probem:

406 5413 521 5478 coegeris
543 5409 645 5460 Traube
716 5407 748 5460 18
766 5409 1006 5476 praesumptiosah
1077 5409 1110 5461 19
1128 5412 1235 5462 seientia
1253 5410 1304 5460 LE
1369 5409 1403 5462 22
1423 5427 1478 5462 meo
1496 5410 1529 5474 E,
1548 5412 1589 5460 me
1607 5407 1635 5473 (i.
1653 5405 1780 5473 maae)L
1849 5406 2067 5473 colerensem,

409 5503 435 5553 id
449 5501 500 5550 LE
567 5499 602 5551 25
619 5501 682 5566 qnia
694 5499 786 5564 uigens
801 5496 832 5558 L,
851 5514 917 5548 corr.
931 5495 958 5546 E
1026 5494 1060 5546 28
1079 5513 1170 5548 οιινιιιι
1186 5497 1235 5548 ests
1251 5499 1621 5566 celoxcausssperveniamns
1691 5504 1720 5546 tu
1738 5512 1790 5560 spo,
1808 5503 1833 5546 te
1851 5493 1908 5555 LE,
1926 5512 1942 5544 a
1959 5503 1986 5545 te
2005 5495 2068 5548 edd.

442 5587 476 5640 29
495 5590 617 5641 conturbes
635 5587 696 5650 (om.
715 5588 750 5636 eit
767 5594 795 5635 at
812 5586 839 5635 ιἰι
852 5587 908 5652 fine
926 5581 1025 5649 versus)
1037 5581 1094 5648 LE,
1114 5601 1181 5636 corr.
1195 5585 1221 5635 E
1231 5603 1321 5652 margo
1408 5583 1443 5636 30
1460 5586 1567 5637 scientia
1584 5591 1671 5636 uestra
1683 5581 1738 5645 LE,
1758 5581 1859 5632 correxi
1862 5599 1870 5641 ,·
1888 5582 1922 5648 cf.
1930 5597 1960 5646 p.
1974 5584 2037 5644 283,
2051 5590 2070 5636 4

396 5685 404 5692 “’
441 5675 476 5729 36
494 5677 639 5747 publicabit
655 5676 709 5727 LE
792 5673 826 5726 38
844 5674 959 5741 expediri
978 5672 1095 5736 stercen,
1114 5683 1142 5725 ot
1159 5691 1175 5726 a
1194 5691 1234 5726 me
1246 5711 1253 5726 .
1267 5711 1294 5726 ..
1313 5684 1432 5744 expetere
1449 5682 1486 5726 ert
1504 5673 1520 5724 ι’.
1532 5693 1555 5740 q.
1574 5689 1633 5725 cnm
1651 5672 1738 5724 animo
1757 5677 1877 5740 reputare
