4538 6398
927 347 1106 408 EPISTVLA
1126 350 1152 406 n
1804 361 1867 424 285

318 531 394 610 post
426 523 488 589 hoc
523 525 674 590 coniuras
709 547 816 592 meam
849 527 1026 606 inscitiam,
1061 533 1098 592 ιιι
1132 526 1217 593 hanc
1252 529 1479 613 quaestionem
1514 529 1650 594 solvam.
1702 529 1785 594 haec
1817 538 1869 596 est
1942 534 1961 595 6

214 629 320 714 prima
353 629 567 714 interrogatio
598 635 724 708 vestra,
759 629 801 694 ad
835 651 932 716 quam
967 631 1043 696 dum
1083 631 1209 712 multis,
1244 639 1281 696 ut
1315 633 1482 719 praemisi,
1522 632 1563 698 ad
1604 633 1866 720 respondendum

214 731 362 817 inpediar
394 734 517 808 causis;
546 753 674 798 summa
698 733 777 798 illud
800 735 946 814 conficit,
975 733 1059 821 quod
1087 736 1201 821 nequit
1229 737 1374 801 tenebris
1403 737 1527 801 obsitus
1556 737 1679 802 videnti
1707 738 2032 823 praeberemus-rau

213 837 379 901 ducatum.
414 857 503 916 sane,
526 837 603 922 quia
626 837 731 919 iubes,
754 843 790 902 ιιι
812 839 918 903 dicam
935 839 1022 924 quod
1046 840 1162 920 sentio,
1186 840 1393 925 perquiratur
1408 861 1559 927 persona,
1583 861 1668 927 quae
1693 840 1867 906 maledicto

184 940 366 1005 ssubiecte
399 961 474 1004 esse
502 939 635 1016 dicitur;
673 941 700 1005 ει
729 947 877 1027 tempore
904 940 1143 1016 maledicentis,
1177 943 1248 1029 ipso
1279 950 1467 1028 praesente,
1502 944 1643 1008 officium
1672 945 1869 1032 presbyterii

213 1045 281 1129 egit
317 1065 379 1109 nec
412 1050 523 1109 tamen
558 1043 741 1131 prohibitus
770 1045 812 1109 ab
840 1045 911 1130 ipso
946 1051 1011 1126 est,
1046 1045 1073 1110 si
1107 1045 1304 1131 baptizavit,
1331 1047 1358 1111 si
1386 1047 1589 1128 chrismavit,
1623 1050 1649 1112 si
1677 1049 1869 1114 sacrificium

215 1148 335 1212 obtulit
371 1153 404 1212 et
427 1147 483 1212 ille
507 1168 624 1234 passus
648 1154 701 1212 εει
723 1169 797 1213 eum
821 1147 884 1212 hoc
907 1169 1019 1234 agere,
1048 1149 1104 1235 qui
1131 1148 1191 1213 sibi
1215 1151 1363 1216 conscius
1387 1157 1457 1216 erat
1484 1173 1557 1216 eum
1586 1151 1810 1231 maledixisse,
1838 1154 1870 1216 in

212 1252 301 1316 nullo
324 1252 387 1316 iste
410 1251 504 1333 mihi,
532 1251 591 1318 sed
622 1253 729 1338 potius
757 1251 812 1316 illc
844 1252 974 1318 videtur
1001 1252 1174 1338 culpabitis
1198 1253 1314 1336 tuisse,
1343 1254 1399 1340 qui
1429 1254 1504 1319 dolo
1527 1255 1612 1320 malo
1635 1256 1725 1321 atiud
1746 1257 1814 1341 egit
1836 1263 1870 1321 et

213 1355 301 1421 atiud
324 1356 499 1420 simulavit.
534 1377 571 1420 ac
593 1377 653 1443 per
676 1356 735 1420 hoc
758 1357 826 1435 ille,
851 1357 943 1421 cuius
966 1357 1065 1422 tactio
1089 1357 1120 1420 in
1138 1363 1263 1422 tantum
1288 1358 1381 1424 nefas
1397 1360 1554 1446 prorupit,
1577 1365 1614 1423 ut
1638 1359 1714 1423 mihi
1730 1359 1868 1440 videtur,

169 1481 296 1530 nouus
320 1481 414 1524 suurn
444 1461 516 1547 ipse
547 1459 708 1546 portabit;
742 1468 853 1526 vestra
876 1467 985 1526 autem
1010 1462 1168 1526 sanctitas
1203 1461 1245 1526 ab
1279 1461 1341 1526 hoc
1368 1461 1488 1528 delicto
1515 1463 1655 1528 inmunis
1684 1464 1757 1544 erit,
1792 1463 1869 1548 quia

210 1585 478 1649 unumquemque
502 1565 534 1628 in
559 1585 623 1649 qna
646 1563 817 1630 vocatione
841 1565 1020 1642 invenistis,
1045 1565 1075 1628 in
1101 1586 1141 1629 ea
1164 1585 1239 1629 esse
1262 1565 1459 1650 permittitis.
1500 1572 1533 1630 et
1556 1587 1613 1630 cur
1628 1587 1692 1630 non
1708 1565 1870 1630 habeatur
1944 1571 1962 1631 't

210 1667 404 1753 presbyter,
428 1689 491 1731 non
514 1667 623 1747 video,
647 1667 672 1731 si
696 1667 752 1732 ille
775 1689 850 1732 eum
874 1668 1055 1754 publicavit
1077 1668 1303 1753 presbyterem
1326 1688 1408 1750 esse,
1432 1669 1486 1754 qui
1510 1669 1613 1733 notuit
1634 1676 1671 1734 ut
1692 1669 1754 1734 istc
1777 1691 1867 1755 pres·

209 1772 305 1857 byter
327 1779 433 1848 esset;
468 1777 524 1836 aut
559 1791 660 1856 quare
695 1792 759 1835 non
795 1772 837 1837 ab
868 1773 930 1836 istc
953 1771 1096 1856 unguine
1120 1792 1213 1836 sacro
1236 1773 1329 1836 tincti
1352 1779 1509 1837 vocentur
1532 1772 1760 1853 Christicolae,
1794 1775 1869 1858 quia

210 1878 273 1941 etsi
301 1877 363 1940 iste
396 1876 568 1962 indignus,
606 1875 780 1940 chrismate
806 1883 916 1941 tamen
939 1897 1016 1940 vero
1045 1889 1119 1940 sunt
1143 1876 1189 1940 illi
1218 1877 1377 1962 peruncti.
1428 1877 1548 1962 optime
1579 1877 1669 1942 novit
1697 1874 1869 1962 prudentia

169 2011 193 2049 n
211 1986 268 2044 tua
301 2001 461 2046 canonum
478 1981 619 2065 'antiqua
643 1999 715 2044 esse
739 1985 878 2059 statuta,
905 1985 942 2044 ut
964 1979 1135 2065 presbyter
1163 1980 1353 2044 chrismare
1368 2001 1432 2044 non
1460 1977 1595 2060 audeca
1624 1980 1707 2065 quod
1737 2001 1868 2045 servare

211 2091 244 2147 et
267 2085 425 2148 orientem
450 2089 485 2148 et
507 2104 637 2146 omnem
666 2081 794 2147 Italiam
829 2083 996 2168 hucusque
1025 2084 1159 2156 εειιιιιιες
1187 2082 1246 2147 sed
1276 2089 1389 2168 postea
1412 2084 1595 2148 consultum
1619 2091 1683 2164 est,
1708 2089 1743 2147 ut
1766 2085 1867 2148 chris-

210 2193 339 2252 marent
373 2187 596 2274 presbyteres,
641 2185 699 2249 sed
739 2186 779 2250 de
818 2185 994 2251 chrismate
1027 2185 1201 2250 benedicto
1235 2186 1276 2250 ab
1312 2187 1490 2272 episcopis,
1529 2193 1566 2251 ut
1604 2207 1669 2252 non
1703 2187 1869 2252 videretur

210 2290 478 2377 presbyterorum
503 2291 563 2356 hoc
589 2311 661 2355 csse
685 2290 904 2377 privilegium,
928 2311 1000 2355 cum
1025 2289 1065 2355 ab
1089 2290 1146 2354 illa
1168 2291 1320 2354 unctione
1344 2298 1457 2355 sancta
1473 2292 1628 2377 populum
1652 2291 1867 2372 deiecerant,

210 2394 268 2460 scd
286 2396 524 2481 cpiscoporum,
548 2415 683 2480 quorum
702 2393 930 2459 benedictione
949 2401 981 2458 et
997 2394 1170 2480 permissu,
1197 2395 1289 2480 quasi
1314 2393 1354 2459 dc
1378 2417 1475 2459 manu
1493 2396 1647 2481 episcopi,
1671 2396 1716 2460 ita
1731 2395 1867 2460 huiusce

165 2531 191 2570 ρο
210 2500 256 2564 rei
292 2504 452 2585 peragunt
475 2498 592 2564 officia.
638 2497 723 2584 quod
760 2498 787 2562 si
823 2499 869 2562 ita
905 2503 970 2578 est,
1007 2519 1063 2562 cur
1093 2503 1126 2563 et
1158 2498 1228 2578 iste,
1260 2499 1354 2584 quasi
1381 2519 1494 2563 manus
1525 2499 1686 2586 episcopi,
1721 2500 1867 2584 quamvis

151 2609 153 2612 ’
208 2603 348 2682 inutilis,
372 2624 452 2689 quos
476 2602 665 2668 chrismavit
689 2624 753 2667 non
777 2603 962 2668 habeantur
985 2601 1149 2682 catholici,
1180 2623 1269 2684 eum,
1290 2603 1333 2666 'ut
1356 2602 1438 2682 dixi,
1469 2612 1582 2668 sancto
1607 2611 1640 2669 ει
1663 2625 1741 2668 vcro
1764 2603 1867 2668 chris·

208 2713 295 2772 mate
329 2707 370 2772 ab
402 2708 559 2793 episcopo
590 2713 718 2771 secrato
750 2713 783 2771 et
811 2727 884 2771 cum
913 2707 1000 2770 iltius
1029 2706 1191 2791 permissu
1221 2706 1343 2770 suerint
1369 2707 1542 2792 peruncti?
1578 2707 1785 2771 manifestum
1817 2714 1868 2770 cst

208 2812 372 2898 baptisma
417 2812 449 2875 in
495 2811 627 2875 nomina
679 2809 831 2874 trinitatis
876 2809 954 2874 data
999 2830 1062 2873 non
1111 2808 1232 2874 debere
1269 2810 1396 2890 iterari,
1436 2810 1611 2875 chrismare
1652 2817 1760 2876 autem
1804 2831 1867 2874 non

208 2915 423 3002 prohibemur
444 2915 641 2996 haereticos,
669 2935 751 3000 quos
775 2935 794 2978 a
818 2934 895 2978 vero
920 2912 1095 2977 chrismate
1118 2913 1303 2978 invenimus
1327 2919 1513 2978 extraneos.
1558 2915 1620 2978 iste
1644 2919 1753 2979 autem
1779 2920 1867 2978 recto

164 3019 384 3091 aschrismate
409 3019 607 3099 chrismavit,
635 3021 757 3084 utiam
782 3018 868 3094 dixi;
893 3039 956 3082 non
980 3017 1057 3082 mihi
1074 3017 1202 3082 videtur
1225 3017 1375 3082 frivolum
1400 3040 1474 3084 esse
1499 3019 1582 3104 quod
1607 3019 1693 3084 iecit.
1739 3017 1868 3084 additur
1943 3023 1962 3083 9

208 3123 276 3204 his,
304 3123 389 3210 quod
420 3125 475 3189 ilie
504 3125 558 3209 qui
590 3145 663 3188 eum
697 3123 859 3208 permisit,
887 3143 1063 3208 numquam
1099 3121 1295 3186 contradixit
1328 3129 1361 3186 ει
1391 3121 1530 3187 chrisma
1558 3145 1636 3187 ase
1660 3123 1867 3188 benedictum

207 3228 338 3292 tradere
375 3229 428 3292 isti
464 3249 527 3292 nou
551 3227 714 3292 dubitavit
751 3249 789 3292 ac
815 3249 874 3313 per
896 3226 958 3290 hoc
993 3225 1079 3312 quod
1103 3227 1165 3290 iste
1189 3226 1283 3304 fecit,
1309 3226 1363 3290 iile
1387 3229 1464 3312 egit.
1510 3226 1587 3311 quid
1610 3228 1696 3291 enirn
1720 3227 1788 3292 sive
1809 3249 1868 3313 per

208 3333 424 3412 occasionem,
449 3333 519 3396 sive
544 3353 603 3417 per
627 3330 821 3396 veritatem?
860 3331 936 3415 qnia
959 3330 990 3393 in
1017 3329 1178 3393 catholica
1201 3336 1308 3393 actum
1334 3337 1399 3413 est,
1424 3351 1560 3394 neeesse
1585 3330 1696 3394 iterari
1719 3352 1782 3394 non
1807 3338 1866 3395 est.

208 3457 285 3500 narn
314 3445 347 3500 et
370 3437 426 3516 illi,
452 3437 505 3521 qui
532 3441 606 3522 post
630 3455 802 3499 excessum
827 3433 1049 3519 praecessoris
1073 3433 1173 3497 vestri
1197 3453 1270 3496 eum
1296 3433 1374 3497 talia
1397 3455 1549 3497 narrasse
1573 3435 1727 3515 raserunt,
1751 3434 1866 3498 melius

167 3570 193 3610 so
213 3539 346 3620 sacient,
369 3541 395 3604 si
419 3540 515 3604 istam
540 3559 671 3602 causam
697 3539 728 3601 in
753 3537 849 3600 aliam
874 3537 972 3600 vitam
1002 3533 1062 3598 eibi
1085 3543 1264 3600 reservant.
1311 3537 1381 3620 quie
1406 3537 1491 3600 enim
1516 3537 1574 3618 eis,
1597 3537 1653 3601 illo
1676 3537 1865 3616 desistente,

206 3651 262 3707 aut
286 3643 510 3708 contradicere
544 3662 628 3705 nunc
663 3641 784 3728 poterit
825 3645 881 3703 out
914 3659 1055 3726 purgare
1090 3639 1219 3703 obiecta
1242 3640 1383 3724 poterit?
1428 3639 1519 3703 vobis
1550 3648 1658 3704 tamen
1693 3640 1778 3726 quod
1810 3641 1866 3705 itte

205 3769 268 3810 non
303 3748 484 3833 dissipavit,
509 3746 668 3831 dissipare
699 3765 762 3808 non
797 3745 962 3822 convenit,
990 3763 1151 3806 memores
1181 3742 1267 3806 illius
1291 3744 1473 3808 sententiae
1501 3743 1614 3810 ‘nolite
1638 3753 1714 3809 ante
1737 3753 1866 3832 tempus
1891 3771 2008 3824 rences

171 3931 173 3934 Ι
206 3852 384 3938 quidquam
410 3849 571 3914 iudicare’
593 3857 626 3913 et
649 3849 767 3913 iterum
790 3845 889 3934 ‘quod
913 3853 1061 3932 apertum
1087 3853 1147 3927 est,
1171 3845 1280 3922 vobis;
1304 3847 1388 3932 quod
1412 3847 1573 3913 occultum
1598 3856 1658 3930 est,
1682 3848 1764 3915 dec'.
1921 3875 1981 3928 (-).⁹

309 3977 386 4020 ecce
411 3953 497 4040 quod
531 3952 660 4017 videtur
682 3951 882 4017 nescientiae
917 3971 1023 4030 meae,
1057 3957 1090 4013 ct
1120 3970 1178 4035 pro
1208 3949 1396 4016 modicitate
1426 3953 1616 4038 capacitatis
1643 3960 1774 4018 nostrae
1803 3975 1863 4018 nec
1921 3968 1957 4028 10

163 4090 187 4130 aa
207 4058 373 4123 affirmans
398 4079 458 4123 nec
484 4078 643 4144 spernens
668 4057 798 4120 omnino
822 4056 884 4119 ista
908 4054 1071 4138 suggessi.

308 4162 348 4226 ad
384 4170 511 4228 ceteras
553 4163 845 4247 interrogationes,
877 4160 903 4224 si
938 4159 1000 4223 hcc
1034 4179 1098 4222 non
1128 4157 1297 4239 abhorret,
1332 4164 1545 4226 transeamus.
1592 4160 1736 4225 scribitis
1765 4161 1863 4226 etiarn
1921 4174 1954 4232 11

204 4273 238 4330 ει
267 4265 345 4349 hoc,
375 4268 407 4331 in
440 4265 636 4352 quibusdam
663 4265 744 4329 locis
768 4263 923 4328 diacones
945 4263 1122 4327 chrismare
1140 4283 1197 4326 vos
1214 4263 1410 4348 repperisse.
1443 4263 1523 4327 nihii
1548 4264 1579 4328 in
1595 4263 1655 4328 hac
1672 4266 1863 4350 quaestione

204 4371 348 4456 amptius
373 4392 470 4456 quam
495 4371 528 4434 in
551 4370 657 4456 prima
680 4369 825 4449 invenio,
860 4368 923 4432 nisi
959 4374 995 4430 ut
1024 4387 1149 4430 sacrum
1178 4365 1317 4430 chrisma
1347 4373 1457 4429 vestra
1486 4368 1679 4431 auctoritate
1703 4375 1736 4432 ει
1759 4367 1863 4434 indul·

203 4475 318 4560 gentio
353 4474 532 4561 pontificali
570 4473 723 4560 persistat
762 4478 796 4537 et
830 4472 894 4554 illi,
935 4471 989 4556 qui
1022 4471 1084 4535 ista
1119 4477 1176 4536 aot
1211 4470 1392 4534 nescientia
1426 4475 1483 4534 aut
1513 4472 1777 4557 praesumptione
1804 4493 1862 4557 pa-

159 4581 348 4660 rotrarunt,
381 4578 512 4662 dignam
541 4579 573 4642 in
604 4597 639 4642 se
675 4583 708 4641 et
737 4575 948 4640 districtionis
972 4573 1148 4639 vindictam
1182 4582 1216 4639 ει
1243 4574 1457 4639 ecclesiastici
1484 4573 1607 4638 ordinis
1632 4596 1776 4638 normam
1802 4576 1861 4638 sub

207 4702 314 4768 poena
351 4687 385 4747 et
407 4681 610 4768 paenitentia
632 4681 837 4767 persentiant
871 4687 904 4743 et
927 4679 973 4744 ita
996 4679 1061 4742 sint
1095 4677 1236 4758 multati,
1263 4682 1299 4742 ιιι
1333 4679 1365 4742 in
1390 4677 1576 4763 exemplum
1600 4679 1671 4743 aliis
1694 4678 1760 4744 dati
1784 4681 1862 4744 tatia

202 4807 408 4872 nequaquam
432 4787 517 4852 ultra
540 4791 762 4872 praesumant.

307 4891 360 4955 his
384 4890 512 4956 duabus
550 4891 583 4956 in
617 4889 708 4955 brevi
731 4887 919 4974 praemissis
948 4885 1210 4974 quaestionibus,
1239 4886 1369 4952 tertiam
1397 4887 1517 4972 ingerit
1540 4885 1743 4972 ignorantiae
1766 4908 1859 4952 meae
1915 4897 1953 4958 12

203 4992 378 5080 prudentia
404 5002 513 5060 vestra
536 4994 698 5076 scribens,
736 4991 823 5078 quod
854 4990 984 5076 quidam
1008 4990 1192 5078 presbyteri
1215 4989 1255 5056 de
1279 4989 1464 5074 chrismata,
1492 4990 1576 5077 quod
1608 4989 1670 5054 sibi
1694 4991 1757 5078 ipsi
1781 5012 1858 5056 ocn-

309 5151 504 5204 linscientiam
523 5150 586 5218 (del.
606 5151 650 5216 en)
668 5149 696 5200 Ε
761 5149 913 5217 2ρεειιιιεει
932 5149 959 5200 Ε
974 5149 1032 5201 edd.
1102 5149 1323 5200 bmaledictionis
1341 5148 1368 5198 Ε
1435 5145 1599 5214 bbaptiauit
1617 5146 1648 5208 L,
1667 5148 1862 5200 babtidiauitE

236 5229 399 5283 9uidaatur
417 5231 445 5282 E
530 5230 564 5282 10
581 5231 693 5297 portavit
716 5229 818 5281 Traube
907 5227 939 5280 12
966 5229 1136 5295 presbiterum
1161 5227 1188 5278 E
1203 5227 1262 5278 edd.
1326 5243 1394 5278 essa
1413 5243 1462 5278 cm.
1480 5227 1538 5277 edd.
1633 5226 1665 5278 15
1682 5227 1784 5278 statuta
1802 5225 1860 5292 (L),

200 5309 319 5361 instituta
345 5309 394 5374 (Ε)
421 5309 480 5361 edd.
567 5307 602 5360 22
626 5309 772 5359 clausulam
798 5306 889 5358 reddet
915 5307 1011 5358 tuerint
1038 5307 1109 5356 uncti
1204 5303 1239 5356 23
1257 5305 1384 5356 babtisma
1402 5303 1459 5370 LE,
1483 5305 1551 5355 hisne
1570 5304 1704 5370 pluralem
1721 5305 1859 5355 vindicavit

206 5387 307 5438 Traube
370 5389 431 5438 data
450 5387 502 5438 LL’
564 5389 755 5455 baptisma...
774 5387 863 5436 datum
882 5385 940 5436 edd.
1010 5383 1044 5434 22
1065 5381 1111 5450 (ei)
1127 5384 1291 5434 manifestum
1310 5378 1349 5436 c'at
1367 5383 1517 5432 continuato
1535 5385 1657 5433 senteutio
1673 5399 1752 5448 usque
1770 5383 1806 5433 ad
1824 5382 1859 5434 25

202 5466 270 5532 quod
286 5467 349 5517 tecit
366 5466 467 5516 'fronde
536 5462 569 5516 27
583 5463 634 5530 istil
647 5467 678 5516 sti
693 5464 724 5524 L,
743 5465 808 5516 atius
821 5463 848 5513 Ε
916 5464 1043 5514 dubitabit
1057 5462 1079 5511 L
1149 5461 1180 5512 31
1201 5469 1286 5512 tamen
1299 5461 1331 5525 L,
1349 5469 1437 5512 autern
1456 5457 1503 5525 (aio
1515 5459 1586 5527 edd.)
1604 5479 1671 5512 corr.
1690 5463 1717 5511 in
1736 5469 1820 5512 tamen
1833 5461 1860 5511 Ε

234 5543 267 5596 34
287 5545 426 5596 ιιεεείειιιιε
446 5561 485 5594 me
504 5553 530 5594 et
549 5561 593 5610 pro
613 5543 643 5606 L,
664 5544 818 5594 nescientem
837 5551 876 5592 εει
894 5559 941 5609 pro
959 5540 991 5606 Ε,
1013 5559 1081 5592 corr.
1094 5540 1152 5591 edd.
1243 5537 1277 5590 39
1300 5545 1433 5606 patrarunt
1454 5538 1508 5600 LE,
1532 5539 1703 5604 Ltegsnduro)
1722 5549 1858 5607 patrarunt

199 5630 246 5675 sut
264 5631 442 5690 perpetrarunt
461 5619 488 5671 Ε
502 5639 592 5688 margo
679 5621 714 5674 43
731 5623 832 5674 duobos
852 5621 905 5672 LE
920 5622 978 5673 edd.
1066 5621 1099 5674 44
1117 5623 1232 5674 scribens
1249 5637 1284 5694 co·
1298 5619 1367 5687 quod
1385 5617 1409 5668 L
