4554 6396
1125 366 1328 432 Dancouun

802 547 927 614 inlaesa
949 546 1076 614 eerviee
1099 550 1236 612 metunt.
1281 543 1448 631 Carthago
1471 544 1607 611 duorum
1708 617 1709 620 ¹

801 672 909 718 annua
931 651 1090 718 nobilium
1113 649 1303 738 praestabat
1324 649 1441 716 lunera
1463 649 1594 736 templis

715 774 764 832 150
800 756 1005 842 Saturnoque
1028 755 1099 821 seni
1121 775 1240 842 pueros
1261 754 1429 820 maotabat
1452 753 1493 820 ad
1517 775 1606 830 aras;

800 861 908 928 tristia
930 861 1143 947 plangentum
1167 858 1344 926 foedabant
1366 878 1423 924 ora
1444 863 1628 946 parentum.

688 1023 691 1026 .
800 966 862 1033 hoo
885 965 934 1031 vir
955 964 1050 1031 sortis
1073 965 1169 1052 egis?
1193 963 1362 1049 rapientur
1384 963 1511 1029 viseera
1533 962 1630 1028 matri

800 1077 834 1136 et
856 1070 943 1157 perit
965 1075 1042 1135 ente
1065 1069 1178 1134 ooulos
1200 1068 1357 1154 genitoris
1381 1068 1500 1155 pignus
1523 1073 1667 1134 amatum

799 1181 856 1240 aut
877 1175 998 1262 populo
1020 1178 1188 1260 spectante
1212 1171 1329 1239 cadet?
1353 1193 1427 1238 oum
1450 1171 1550 1238 Troia
1572 1172 1704 1260 periret,

715 1297 764 1354 155
800 1280 885 1345 lilius
908 1278 1065 1346 Aeacidis
1088 1278 1140 1343 vel
1163 1277 1285 1343 vindex
1307 1277 1453 1364 Pyrrhus
1476 1277 1615 1342 Achillis

801 1391 877 1452 ante
900 1384 1012 1450 oeulos
1035 1383 1158 1450 Priami
1180 1373 1343 1470 percussit
1366 1387 1462 1448 noete
1485 1381 1614 1448 Politen

798 1490 878 1557 belli
900 1491 971 1555 iure
993 1488 1118 1568 ¹surena.
1162 1493 1274 1554 tamen
1296 1487 1378 1553 ultio
1402 1485 1501 1573 digna
1524 1486 1627 1552 relata
1653 1492 1718 1554 est:

800 1596 870 1680 ipse
892 1593 1128 1680 Neoptolemus
1151 1592 1251 1658 iaouit
1273 1613 1448 1678 pereussos
1472 1590 1514 1656 ad
1537 1612 1621 1656 aras.

800 1699 939 1785 qualiter
961 1717 1003 1762 on
1027 1697 1133 1784 pietas
1158 1717 1193 1764 se
1217 1695 1372 1778 vindieat,
1396 1696 1494 1784 impie
1517 1695 1634 1762 vietor!

715 1818 766 1874 160
802 1802 880 1889 quid
903 1800 1015 1866 matria
1039 1801 1165 1888 patriae
1187 1798 1408 1866 venerandam
1431 1799 1551 1885 polluis
1575 1805 1705 1865 aroem‘l

799 1908 833 1972 in
856 1926 921 1993 qua
943 1904 1066 1992 templa
1090 1903 1217 1984 sedent,
1240 1904 1296 1970 ubi
1318 1905 1453 1969 numina
1476 1925 1576 1992 saepe
1599 1905 1725 1992 precati

798 2011 962 2092 fleximus,
985 2015 1022 2076 ut
1045 2029 1161 2097 sospes
1184 2007 1316 2074 rediens
1341 2013 1375 2074 et
1397 2008 1554 2075 victorin
1579 2010 1679 2076 armis

799 2115 946 2202 captivos
969 2120 1045 2202 post
1066 2113 1155 2179 bella
1177 2112 1310 2178 trahens
1334 2133 1377 2178 ex
1400 2113 1535 2180 vulnero
1560 2113 1664 2180 lassos

799 2221 938 2286 intrares
961 2218 1114 2306 patriam,
1138 2238 1180 2282 ne
1205 2237 1324 2283 saevus
1349 2216 1495 2282 vinoerot
1516 2217 1629 2300 hostis,

714 2343 763 2400 165
799 2325 854 2411 qui
877 2321 1038 2389 scandens
1061 2341 1171 2386 muros
1194 2319 1284 2385 oives
1307 2319 1449 2386 laniaret
1472 2320 1505 2384 in
1528 2319 1620 2388 urbe.

797 2430 858 2495 hoe
881 2434 1003 2492 matres
1025 2425 1183 2512 puerique
1206 2428 1332 2511 rogant,
1356 2423 1418 2489 hoo
1441 2423 1514 2511 ipsa
1538 2431 1702 2506 reuectus,

798 2533 969 2620 virginitas
992 2531 1055 2595 hoo
1078 2535 1169 2595 easta
1192 2529 1285 2616 petit,
1308 2528 1369 2592 hoo
1391 2548 1518 2615 pauper
1539 2528 1663 2594 adorat.

446 2642 675 2718 QVAESTIO
880 2657 920 2702 rr
940 2655 1072 2710 moerus:
1093 2653 1148 2698 seo
1168 2652 1285 2698 ravenn
1307 2651 1439 2698 rururcvs
1453 2653 1642 2699 rusronurea
1658 2655 1771 2700 rervm

883 2761 922 2805 na
941 2759 1045 2804 uoare
1066 2757 1179 2802 nrvrrrs
1200 2756 1358 2802 coerrsna.

798 2847 826 2912 si
848 2845 965 2932 potuit,
987 2841 1132 2908 voluisse
1156 2844 1246 2927 puta.
1292 2861 1367 2904 nam
1390 2841 1458 2906 vita
1480 2841 1622 2928 potentis

800 2971 865 3016 uon
888 2951 980 3036 patet
1001 2945 1128 3011 insidiis
1151 2945 1215 3009 nisi
1237 2943 1347 3010 divitis
1370 2949 1467 3031 atque
1490 2946 1663 3032 propinqui

714 3072 764 3129 170
800 3060 857 3120 aut
879 3058 979 3133 eerte,
1004 3051 1033 3116 si
1057 3055 1189 3136 seeptra
1210 3048 1323 3134 vigent
1346 3048 1406 3114 sub
1429 3050 1516 3134 regia
1539 3050 1630 3115 erari

797 3158 943 3245 imperio.
988 3155 1105 3220 lortem
1128 3152 1261 3218 timidus
1284 3151 1437 3218 formidat
1460 3158 1494 3218 et
1515 3153 1638 3236 horret,

798 3283 862 3329 non
884 3261 975 3326 fortis
998 3261 1121 3324 lassum
1145 3257 1261 3323 metuit
1284 3277 1345 3322 nee
1368 3256 1460 3324 dives
1484 3265 1645 3344 egentem.

798 3366 915 3433 debilis
939 3370 990 3430 est
1012 3383 1138 3451 pauper
1161 3360 1269 3428 nudus
1291 3360 1458 3428 mondious
1482 3384 1622 3449 egenus:

798 3491 895 3557 quem
917 3469 1039 3534 macies
1063 3486 1217 3552 suprema
1238 3471 1340 3547 tenet,
1365 3485 1462 3551 quem
1485 3465 1607 3552 trangit
1630 3473 1774 3553 egestas,

712 3593 762 3648 175
798 3574 886 3642 unde
909 3593 1025 3639 neoem
1047 3571 1154 3658 potuit
1176 3589 1301 3657 pauper
1323 3573 1464 3636 traotare
1488 3571 1652 3656 potentis?

798 3679 887 3744 solua
911 3677 981 3743 abit
1003 3695 1129 3763 pauper
1150 3695 1212 3740 nee
1236 3695 1271 3740 se
1297 3673 1515 3760 oiroumspioit
1537 3694 1681 3762 unquam

796 3805 858 3849 nee
881 3783 974 3848 timet
996 3779 1130 3846 insidias
1153 3798 1284 3865 semper
1305 3778 1391 3844 bene
1414 3779 1565 3844 eonsoius
1588 3779 1715 3858 insous;

796 3888 957 3954 sollicitus
979 3886 1099 3951 multos
1123 3885 1248 3965 metuit,
1273 3902 1369 3970 quem
1392 3883 1488 3948 turba
1510 3889 1657 3950 veretur:

798 3989 1003 4057 oireumdant
1026 3988 1151 4070 lemnii,
1173 3988 1286 4074 plures
1309 3987 1472 4072 stipantur
1494 3987 1600 4068 amici,

713 4112 763 4169 180
799 4095 908 4161 divitis
931 4093 1090 4179 obsequio
1113 4091 1279 4156 oonourrit
1301 4091 1397 4156 turba
1419 4091 1588 4168 olientum;

798 4201 845 4264 sio
868 4200 929 4263 iter
952 4202 1083 4284 aptatur
1105 4196 1159 4261 vel
1182 4196 1338 4260 transitus
1363 4195 1419 4262 ille
1442 4201 1585 4282 paratur,

796 4301 917 4367 audeat
939 4307 976 4365 ut
997 4299 1104 4365 nullus
1127 4299 1189 4364 heo
1211 4305 1444 4386 praetereunte
1467 4301 1589 4368 venire.

445 4405 675 4481 Qvaneulo
881 4426 922 4470 nr
943 4424 1078 4478 ruourns:
1099 4423 1154 4468 seo
1177 4423 1292 4468 rornsr
1312 4424 1454 4470 vsusuvu
1476 4424 1596 4470 rsvrae
1615 4426 1709 4471 nrvrrr

883 4529 1016 4574 saonem
1035 4527 1225 4574 oaaaerrous
1246 4527 1429 4574 svrrouann.
1459 4517 1464 4526 “

797 4619 903 4680 taetra
926 4633 1051 4678 venena
1074 4612 1148 4678 neoi
1170 4612 1276 4698 pretio
1299 4613 1424 4678 maiore
1447 4619 1605 4700 parantur

797 4725 832 4784 et
853 4739 969 4783 munus
992 4722 1118 4783 aeoreta
1139 4716 1244 4782 fovet:
1269 4717 1324 4802 qui
1347 4718 1498 4783 oonsoius
1522 4739 1664 4804 unquam
1721 4777 1723 4782 .

713 4839 762 4895 185
798 4824 1003 4908 inoorruptus
1028 4821 1101 4904 erit,
1125 4821 1196 4906 quis
1220 4841 1285 4886 non
1309 4822 1351 4886 sit
1374 4821 1459 4887 sorte
1481 4819 1679 4908 redemptus,

505 5012 555 5066 152
578 5013 678 5066 visesra
696 5021 719 5066 tr
741 5013 792 5078 (nil
813 5013 937 5081 amplius)
955 5013 989 5076 N,
1012 5016 1080 5080 esopi.
1093 5012 1174 5064 Dedo
1256 5003 1442 5080 159111'ipieoas
1462 5015 1491 5064 N
1564 5013 1614 5068 163
1631 5023 1657 5068 et
1675 5017 1782 5070 vulnera
1801 5017 1834 5083 N,
1853 5036 1921 5070 corr.
1934 5018 2057 5070 Baka-em

436 5097 486 5151 169
504 5106 574 5167 patet
590 5099 719 5164 Btlrrem,
743 5103 809 5154 iaoat
829 5102 861 5153 N
944 5099 1271 5166 1721assumtimuitN,
1294 5100 1460 5152 coraDutm
1555 5099 1605 5152 173
1630 5103 1729 5155 Debilis
1747 5110 1773 5155 ot
1789 5104 1824 5168 N,
1850 5104 2058 5173 corr-‚lloaatrrp

435 5185 486 5238 178
508 5193 595 5270 timuit
611 5195 703 5242 metunt
720 5190 751 5240 N
841 5188 890 5242 181
914 5191 1038 5242 transitus
1061 5189 1121 5242 inde
1146 5188 1268 5241 Bdhreoo
1362 5186 1413 5240 184
1434 5190 1479 5254 qui
1500 5189 1534 5252 N,
1558 5190 1616 5257 quis
1639 5189 1768 5243 uerear
1863 5189 1912 5244 185
1929 5192 1988 5257 quis
2002 5207 2056 5256 pro

399 5273 485 5324 dalion
503 5291 555 5340 epo,
573 5276 691 5342 quisquis
709 5276 741 5326 N
805 5279 850 5344 qui
871 5294 924 5328 non
945 5278 980 5329 sit
997 5284 1064 5329 sorte
1081 5293 1102 5328 r.
1120 5282 1245 5343 quantam
1263 5275 1286 5326 d.
1304 5275 1339 5341 5.,
1364 5283 1487 5342 quantam
1505 5293 1531 5328 u.
1547 5294 1571 5344 p.
1588 5279 1614 5328 h.
1632 5277 1759 5330 Br'tolreler
1833 5279 1892 5344 quis
1915 5295 1967 5330 uon
1990 5280 2058 5332 soret

400 5375 460 5411 aare
477 5361 624 5429 redemptus
641 5361 770 5429 Butram,
789 5373 818 5415 at
833 5365 924 5431 mpple
941 5371 1013 5416 tanto

506 5549 555 5604 167
572 5548 606 5615 es.
619 5549 837 5619 quenal.3,300
926 5552 973 5607 181
996 5551 1112 5608 Onerat
1126 5558 1227 5621 16,469
1244 5569 1300 5622 qno
1318 5549 1453 5608 transitus
1471 5551 1536 5609 inde
1556 5553 1693 5624 paratur?
1780 5553 1831 5610 183
1849 5553 2007 5622 quenale,
2020 5561 2059 5610 56

401 5651 494 5722 pretio
511 5650 617 5709 maiore
636 5656 753 5724 paratus
