4554 6396
743 369 946 428 DRACON'l'll
980 369 1028 426 DE
1045 369 1227 427 LAVDIBVS
1245 371 1306 426 DEI
1342 372 1369 426 Il

486 563 538 620 575
565 547 1011 631 (55)(1555551555155555,
1034 547 1110 613 15155
1134 568 1190 613 555
1211 546 1344 613 crudele
1367 547 1507 633 patescit

641 650 850 738 funestatque
873 651 961 717 diem
983 651 1024 717 (15
1049 673 1184 739 corpore
1207 651 1284 720 tabe
1306 651 1462 718 madenti.

642 755 781 842 legimus
804 756 991 822 innumeros
1014 757 1145 822 veniam
1167 757 1328 824 meruisse
1351 761 1502 823 55555555

641 859 767 926 Iudaea
789 859 830 925 de
853 865 952 946 gente
976 881 1050 925 reas
1074 861 1252 948 mortisque
1276 861 1443 927 ministros

641 965 762 1051 optima
784 970 963 1052 perpetuae
986 965 1163 1052 sumpsisse
1186 972 1220 1030 et
1242 987 1377 1031 munera
1399 967 1498 1047 vitae,

485 1083 537 1139 580
565 1083 626 1156 (uo)
646 1089 783 1154 quorum
805 1067 930 1134 Paulus
954 1074 1024 1133 erat
1048 1075 1146 1155 caput
1169 1075 1285 1134 extens
1308 1069 1433 1155 grande
1456 1069 1630 1135 malorum:

640 1179 673 1238 et
696 1179 805 1238 tamen
828 1171 898 1259 ipse
922 1171 983 1237 1515
1004 1173 1089 1260 legis
1113 1179 1188 1260 post
1210 1173 1344 1238 crimina
1366 1172 1495 1250 dootor;

640 1278 830 1364 martyrium
853 1277 1021 1363 Stephano
1043 1278 1099 1363 qui
1122 1277 1247 1342 1555555
1270 1277 1345 1343 inde
1370 1279 1493 1364 recepit

639 1387 673 1448 et
694 1382 814 1447 meruit
835 1381 967 1467 plenam
990 1402 1087 1467 quem
1112 1381 1249 1447 contulit
1270 1387 1346 1447 ante
1370 1401 1533 1447 coronam.

638 1485 673 1550 15
695 1506 732 1551 55
755 1506 833 1552 rere
856 1485 909 1551 dei
932 1485 1127 1550 confirmans
1150 1485 1251 1551 verba
1274 1484 1425 1572 probavit

483 1602 535 1659 585
562 1603 623 1673 ((5)
641 1588 715 1654 ‘hoc
737 1589 881 1676 patietur
902 1589 1011 1670 homo,
1035 1588 1121 1677 quod
1145 1591 1317 1676 quisquam
1340 1590 1454 1656 1555515
1477 1587 1556 1658 ulli’.

640 1693 699 1759 sed
722 1694 829 1760 bonne
852 1696 983 1782 excepit
1006 1694 1093 1781 quod
1116 1701 1193 1760 5555
1216 1695 1383 1761 malefecit
1404 1695 1533 1781 iniquus

640 1798 723 1884 quod
747 1800 886 1886 populos
907 1805 1088 1886 gentesque
1112 1798 1232 1864 docens
1256 1799 1420 1865 conuertit
1443 1797 1549 1866 eundo

638 1923 822 1989 permane,
846 1925 906 1990 per
929 1909 1043 1985 terres,
1066 1909 1103 1969 ut
1126 1901 1248 1970 (ihristi
1271 1925 1390 1968 nomen
1413 1902 1550 1970 adorent

638 2007 845 2093 gentilesque
869 2007 950 2074 deos
974 2013 1007 2072 et
1030 2006 1184 2072 cordibus
1207 2007 1295 2074 idola
1316 2009 1456 2095 pellant;

484 2125 536 2184 590
562 2109 731 2195 (55111555
755 2111 853 2178 eadat
877 2134 920 2178 ex
943 2113 1063 2195 enimc,
1085 2118 1221 2199 pereant
1244 2111 1403 2178 Saturnus
1427 2119 1460 2179 et
1483 2111 1597 2196 Aroes,

638 2215 792 2302 «iuppiter
813 2222 911 2304 etque
934 2216 1059 2298 Venus,
1083 2215 1212 2282 Titania
1234 2215 1321 2282 June
1345 2215 1473 2304 Cupido

637 2321 691 2386 vel
714 2321 916 2408 quicumque
933 2321 987 2388 dei
1010 2321 1078 2388 11551
1102 2341 1249 2388 sermone
1273 2323 1403 2391 vetusto

637 2428 813 2494 credantur
835 2428 880 2492 511
904 2449 1013 2514 posse,
1038 2428 1135 2492 simul
1157 2427 1238 2492 nihil
1262 2448 1335 2492 esse
1358 2427 1547 2514 probentur.

638 2533 728 2598 solus
751 2531 872 2618 ubique
895 2530 988 2615 deus,
1011 2552 1121 2598 rerum
1144 2531 1227 2614 1555,
1253 2531 1398 2597 conditor
1420 2537 1454 2596 55
1476 2551 1564 2617 spes,

482 2652 533 2708 595
561 2650 621 2720 (us)
639 2635 726 2702 idem
750 2657 881 2723 semper
902 2637 978 2717 eris,
1003 2635 1090 2722 quod
1114 2642 1148 2701 et
1170 2658 1217 2720 55,
1241 2634 1328 2723 quod
1352 2643 1385 2702 55
1408 2640 1484 2702 5555
1506 2634 1607 2718 151551,

637 2742 681 2805 511
706 2740 832 2806 addens
856 2741 1072 2826 minuensque
1096 2741 1156 2806 tibi
1180 2739 1403 2807 crescentibus
1426 2739 1531 2805 55515.

637 2852 787 2932 tempora
810 2852 987 2926 mutentur,
1011 2851 1044 2911 55
1068 2865 1245 2930 numquam
1269 2846 1402 2910 5555515
1425 2849 1567 2911 mutant:

637 2950 768 3036 qualem
792 2951 896 3036 prima
918 2948 1001 3031 dies,
1024 2950 1127 3016 talem
1150 2950 1246 3014 simul
1269 2950 1384 3014 ultima
1399 2955 1530 3015 'noscet

637 3075 711 3120 cum
735 3061 767 3120 55
791 3075 856 3120 555
880 3059 1035 3141 caperent
1058 3053 1139 3120 caeli
1162 3059 1334 3139 terraeque
1358 3053 1543 3140 fretumque

481 3176 534 3234 000
561 3159 957 3246 (555555155555551551,
980 3158 1107 3224 modico
1131 3164 1164 3224 te
1188 3157 1286 3224 corde
1309 3158 1438 3244 reponis

636 3263 778 3350 pectoris
802 3262 936 3328 humani
960 3269 1135 3349 conceptus
1157 3268 1268 3328 mente
1291 3262 1392 3329 fideli.

615 3366 774 3433 'exaudis
799 3366 885 3454 quod
908 3367 1021 3452 lingue
1044 3371 1132 3432 tacet
1154 3367 1215 3432 sub
1238 3365 1334 3432 corde
1358 3367 1488 3452 loquaci
1496 3391 1504 3444 ;

636 3479 713 3538 5555
738 3471 848 3536 155555
870 3469 974 3554 vides,
998 3491 1101 3558 penes
1124 3477 1158 3536 te
1182 3471 1272 3536 nulle
1294 3471 1414 3553 155555,

637 3576 813 3659 515511555,
836 3576 1052 3660 omnipotens,
1076 3576 1262 3660 praesentia
1285 3580 1402 3640 555555
1425 3573 1575 3640 uidentur

480 3697 532 3754 005
559 3695 619 3765 (rer)
639 3685 696 3745 555
718 3685 885 3744 555555555
907 3680 1011 3765 magis
1035 3678 1129 3744 nobis
1152 3684 1291 3745 ventura
1313 3683 1474 3743 creentur.

638 3784 693 3870 qui
714 3789 911 3871 peccaturos
935 3783 1084 3848 homines
1108 3788 1144 3847 tu
1166 3783 1299 3869 spiritus
1322 3789 1435 3848 auctor

636 3893 713 3954 5555
735 3886 838 3968 vides,
861 3887 1000 3974 primum
1023 3885 1227 3965 medicinam,
1251 3893 1375 3971 sancte,
1397 3887 1522 3973 perusti

635 4013 731 4078 quam
754 3991 882 4057 1555555
906 3991 1086 4056 hominem:
1111 3990 1315 4077 indulgentie
1338 3997 1432 4077 perte
1453 3998 1581 4057 reatum

634 4096 806 4184 praevenit
829 4102 862 4162 et
884 4095 1012 4162 facinus
1034 4096 1131 4162 venie
1153 4094 1322 4183 praecedit
1343 4095 1500 4182 iniquum.

219 4345 248 4398 in
266 4343 354 4399 0591
372 4342 443 4414 (115).
461 4339 607 4398 599-601.
625 4339 678 4395 603

323 4449 456 4505 51515515
479 4451 512 4514 B,
536 4465 604 4501 corr.
621 4447 736 4498 Arevolo
844 4441 897 4497 516
921 4445 981 4497 tabe
1007 4444 1127 4496 ousiarum
1148 4443 1176 4495 in
1202 4443 1286 4510 spatio
1308 4461 1388 4497 vocuo
1411 4444 1473 4497 cdd.
1493 4445 1531 4498 B·
1634 4443 1686 4499 519
1703 4453 1826 4513 perpetua
1844 4445 1876 4509 Β,

219 4537 354 4591 5555111ι
441 4533 552 4602 sdpsise3
582 4551 689 4586 munere
713 4532 747 4598 Β,
769 4533 884 4596 correeri3
909 4532 974 4584 baec
997 4531 1149 4598 interposuit
1171 4529 1284 4584 Arecolo
1389 4529 1441 4584 589
1458 4533 1594 4584 1155515555
1617 4532 1651 4596 Β,
1672 4550 1739 4584 corr.
1759 4531 1807 4582 M·

219 4623 271 4677 585
295 4627 392 4678 feceret
412 4624 446 4687 Β,
473 4640 541 4676 corr.
555 4621 669 4674 Areealo
772 4616 824 4671 589
842 4618 938 4686 pellent
955 4617 988 4681 B,
1011 4634 1077 4669 corr.
1100 4617 1146 4667 M*
1250 4615 1303 4670 599
1319 4617 1355 4670 (111
1373 4617 1398 4668 Β
1483 4619 1543 4670 11555
1561 4618 1594 4682 Β,
1613 4618 1806 4671 commocio

219 4709 270 4764 596
287 4713 438 4765 minuensve
452 4709 565 4763 Areoolo
644 4705 695 4760 591
713 4723 854 4774 numquam
873 4703 1627 4772 55015199,5555555555(55)555555555505510·
1704 4703 1756 4757 599
1773 4713 1876 4772 caperet

219 4798 404 4860 0555550111
469 4797 521 4852 603
538 4815 617 4866 penes
629 4797 662 4860 Β,
680 4799 749 4850 cirea
763 4795 791 4862 0,
808 4811 886 4864 penes
899 4802 925 4847 55
938 4795 1050 4846 Areoalo
1120 4791 1171 4846 606
1189 4796 1259 4858 Quin
1274 4793 1389 4860 0155555,
1408 4793 1578 4846 8155555515
1648 4792 1879 4846 601515555110

321 5021 373 5077 519
396 5023 426 5076 55
448 5020 564 5076 tetiam
660 5021 712 5076 595
729 5019 764 5086 cf.
781 5017 882 5073 Mattlr.
902 5025 959 5087 59.
978 5017 1077 5087 prea.
1092 5024 1147 5086 6,8
1243 5017 1295 5073 594
1312 5021 1361 5072 aot.
1382 5025 1397 5072 1
1419 5017 1487 5073 deus
1508 5019 1672 5074 cunctorum
1694 5015 1821 5072 conditor
1844 5019 1873 5072 55

217 5142 281 5196 spes
368 5127 419 5182 595
436 5132 461 5194 3,
473 5133 520 5182 541
537 5124 612 5181 idem
630 5141 740 5195 semper
757 5123 824 5191 5515,
847 5139 1001 5192 numquam
1018 5121 1164 5178 mutabilis
1183 5138 1261 5177 5555.
1291 5121 1325 5187 es.
1338 5127 1393 5176 597.
1422 5125 1472 5177 sot.
1487 5127 1504 5176 8
1522 5120 1597 5176 idem
1619 5137 1729 5191 semper
1751 5118 1805 5175 eris
1823 5117 1873 5188 qui

218 5246 247 5285 es
265 5230 347 5286 modo
365 5230 411 5286 vel
429 5231 521 5286 fueras
609 5229 661 5286 596
678 5234 760 5297 5535
785 5227 831 5284 551
853 5231 982 5299 tempora
1003 5228 1045 5282 nil
1068 5228 1138 5284 dant
1163 5231 1214 5285 aut
1234 5227 1347 5284 tollunt.
1388 5225 1528 5283 caconit
1550 5224 1631 5281 addit
1653 5223 1796 5293 demitque
1818 5221 1873 5278 tibi

217 5337 276 5390 tam
289 5334 373 5406 longa
386 5337 512 5390 vetustas
581 5335 633 5390 591
647 5333 726 5404 (lspr.
743 5332 813 5388 Gall.
825 5333 883 5387 iud.
896 5339 945 5387 555
958 5334 1087 5402 tempora
1100 5335 1247 5389 mutantur
1305 5332 1389 5386 Deae.
1402 5337 1425 5399 3,
1439 5337 1488 5388 537
1500 5330 1613 5387 5555515
1626 5331 1784 5385 nectamen
1798 5327 1873 5382 hunc

216 5441 337 5510 5555555,
349 5439 417 5510 quia
429 5440 504 5509 qnod
515 5439 572 5496 1515
584 5440 638 5496 hoc
651 5443 702 5496 ert.
731 5439 837 5508 Goripp.
851 5439 906 5493 Iob.
923 5447 945 5507 7,
957 5446 987 5494 95
999 5441 1128 5510 tempora
1140 5427 1283 5509 permotas
1295 5455 1347 5494 nec
1359 5441 1392 5493 55
1403 5437 1520 5493 55515515
1532 5434 1561 5489 15
1574 5434 1631 5500 11115
1701 5433 1752 5488 599
1764 5432 1798 5498 cf.
1808 5437 1832 5498 9,
1841 5437 1874 5485 99

219 5541 316 5600 Claud.
332 5559 353 5599 5.
371 5545 437 5600 mia.
453 5549 486 5598 39
506 5543 551 5611 (de
571 5545 647 5613 5515.)
665 5552 697 5599 14
719 5541 880 5598 Mamaea.
901 5542 997 5598 Oba-iet.
1016 5541 1136 5598 5855151.
1152 5557 1173 5602 c.
1192 5541 1282 5612 poecis
1297 5548 1321 5612 9,
1338 5550 1372 5598 59
1383 5557 1435 5610 eqq.
1510 5541 1561 5598 609
1578 5540 1613 5607 cf.
1627 5548 1648 5607 1,
1661 5542 1714 5594 608
1730 5552 1790 5590 cum
1807 5539 1873 5588 5555

250 5648 301 5705 698
315 5657 338 5715 1,
351 5655 384 5706 90
395 5649 574 5720 indulgentia
592 5667 712 5720 poenam
731 5647 880 5720 praevenit
