4568 6396
565 389 600 444 Il.
629 389 678 446 DE
695 388 886 446 DRAOONTI
905 389 1134 448 classiumve
1152 391 1344 449 CODICIBVS
1362 393 1607 452 EDI'I'IONIBVS.
1861 397 1915 453 Vll

256 562 406 647 quomodo
427 562 504 629 libri
524 561 621 628 divisi
635 560 763 648 fuerint
777 563 962 647 quaudoque
981 563 1058 630 editi
1072 565 1225 632 incertum
1246 571 1302 632 est.
1346 571 1463 634 eertum
1484 571 1588 634 autem
1608 573 1685 650 puto
1698 570 1915 653 mapnisonam

256 670 348 735 diam
362 667 598 751 inscriptionem
618 663 797 732 ‘Rmnuiea’
817 686 882 732 non
897 667 1076 734 inditarum
1091 667 1197 753 fuisse
1219 670 1285 734 nisi
1306 690 1377 736 eum
1399 673 1456 753 qui
1471 672 1549 753 pius
1563 693 1657 756 quam
1672 693 1773 739 unum
1788 693 1917 756 cannae

250 774 553 856 paronmparatum
567 767 713 834 babuerit
728 769 877 838 libellum.
913 775 1007 853 atque
1028 772 1122 837 etiam
1143 774 1174 837 si
1194 772 1306 838 obicies
1325 774 1514 857 florilcpium
1535 773 1710 842 Veronense
1723 796 1788 843 non
1801 775 1918 856 afferre

256 893 365 940 cereres
385 873 512 938 nisiex
534 872 729 938 carminibus
758 872 849 939 VIII
869 878 899 939 et
919 873 977 939 IX
993 894 1091 957 neque
1112 875 1210 959 ipitm
1225 881 1367 942 constare
1382 879 1477 943 etiam
1495 879 1609 961 priora
1627 878 1733 965 fnisse
1753 879 1811 945 sub
1825 879 1917 944 tituto

257 977 489 1054 Romuleorum,
503 974 690 1057 respondebo
699 974 837 1061 facilius
848 977 1161 1044 titutum‘Romulca‘
1167 981 1309 1060 potuisse
1316 981 1427 1062 perire
1441 983 1477 1046 iu
1492 983 1584 1048 initio
1596 982 1709 1048 codicis
1723 1003 1817 1066 qaam
1832 982 1917 1046 inter·

264 1081 337 1147 VII
345 1084 374 1146 et
392 1078 485 1145 VIII
500 1097 635 1145 carmen.
677 1079 736 1143 ‘at‘
757 1079 882 1162 inquies
902 1078 1028 1164 ‘lepitur
1049 1085 1122 1147 ante
1144 1081 1245 1148 VIII:
1276 1082 1445 1149 Dracontii
1468 1105 1549 1170 opus
1572 1084 1613 1150 de
1636 1091 1733 1170 raptu
1753 1084 1915 1168 Helenae,

255 1185 419 1268 oestipium
429 1182 571 1269 fortasse
585 1182 737 1265 antiquae
752 1182 904 1249 librorum
920 1182 1108 1252 divisionis’.
1151 1185 1336 1267 respondeo:
1363 1191 1398 1252 at
1418 1187 1512 1253 etiarn
1526 1193 1600 1254 ante
1614 1207 1740 1254 carmen
1753 1186 1791 1252 X
1803 1188 1918 1272 tepitrm

256 1289 294 1352 in
307 1287 356 1352 N:
380 1286 549 1354 Dracontii
564 1285 694 1370 liedes,
716 1307 797 1368 quoae
810 1287 1031 1368 inscriptiones
1038 1286 1200 1370 profectae
1215 1293 1290 1354 sunt
1304 1310 1326 1355 a
1341 1289 1474 1357 librario
1487 1292 1605 1358 meent
1622 1292 1659 1358 X
1663 1290 1699 1357 V‘
1721 1293 1777 1374 qui
1791 1291 1919 1358 cavebat

256 1413 297 1458 nc
318 1391 394 1457 baec
414 1391 496 1470 folia
518 1410 587 1455 enm
609 1390 743 1456 atterite
764 1390 877 1456 codicis
898 1392 1113 1487 miscerentur.

359 1496 455 1577 finem
473 1493 573 1578 facio,
596 1513 636 1558 ne
657 1492 843 1559 hariolandi
860 1496 940 1576 fan
961 1515 1043 1560 reus.
1088 1495 1144 1561 boc
1169 1499 1286 1576 statuo,
1312 1495 1524 1564 Dracontion
1549 1501 1579 1562 ot
1598 1502 1672 1564 ante
1704 1503 1822 1584 etpost
1842 1518 1917 1581 cap·

257 1599 410 1664 tioitatern
432 1596 547 1683 fecisse
571 1595 828 1683 fautoribusque,
855 1599 968 1680 quiam
991 1598 1129 1682 fuerunt
1159 1601 1224 1666 sire
1250 1601 1370 1667 nobiles
1396 1602 1461 1668 siue
1487 1603 1636 1685 mapister
1665 1603 1730 1669 siue
1757 1603 1824 1686 ipse
1848 1623 1916 1682 rec,

258 1702 381 1768 meree
407 1701 553 1768 carrnina
574 1701 666 1766 iltius
685 1701 823 1784 pencris,
851 1702 935 1783 quod
950 1706 1023 1786 post
1045 1722 1113 1769 oum
1135 1708 1205 1769 erat
1226 1705 1334 1771 omnia
1351 1709 1479 1786 praeter
1500 1704 1677 1771 christiana
1700 1705 1917 1788 compteaunes

255 1805 437 1888 appellabat
446 1803 634 1882 ‘Romutca',
648 1803 782 1870 edidisse
796 1805 964 1871 autcmboc
974 1826 1086 1888 corpus
1095 1810 1169 1888 poet
1179 1807 1357 1872 christiana
1369 1807 1489 1874 denum
1501 1812 1652 1892 repnente
1666 1808 1917 1876 I'brasamundo.

359 1911 537 1977 christiana
567 1929 639 1974 cero
665 1909 813 1976 earmina
842 1910 908 1976 iam
938 1911 1079 1976 dicimus
1107 1912 1196 1994 facta
1227 1931 1291 1978 csse
1319 1931 1340 1976 a
1363 1915 1458 1992 poeta
1489 1909 1566 1975 dum
1599 1917 1687 1976 esset
1719 1913 1753 1977 in
1780 1910 1916 1978 vinculis
1954 1945 1986 1998 de
2003 1945 2115 2000 anm

257 2015 389 2098 (subscr.
404 2016 489 2090 sat).
525 2018 618 2096 atquc
633 2017 766 2096 apparet
779 2013 1028 2100 satisfactionem
1042 2016 1171 2080 missam
1192 2034 1256 2081 esse
1278 2014 1322 2080 ad
1342 2035 1443 2098 repom
1463 2036 1486 2080 a
1507 2035 1568 2096 quo
1583 2015 1755 2080 libertatem
1769 2015 1918 2098 meabat
1943 2015 2130 2084 ⁶⁰⁶⁸th

257 2117 411 2199 captiuus.
449 2135 576 2182 carmen
598 2117 703 2182 asaias
713 2118 738 2199 ¹)
761 2136 919 2199 nosquam
940 2116 1124 2200 adloquitur
1145 2138 1255 2202 repen,
1277 2137 1349 2200 erpo
1369 2137 1433 2182 non
1455 2117 1500 2183 ad
1520 2139 1590 2183 eum
1611 2122 1656 2183 est
1677 2117 1796 2183 datum.
1834 2117 1917 2200 quod

250 2220 409 2302 probatur
435 2219 530 2284 etiam
560 2239 598 2284 ea
629 2240 664 2284 re
689 2219 1169 2307 cuod2,1003qc.acriter²)
1200 2221 1382 2286 Arrianam
1414 2220 1559 2286 haeresin
1591 2221 1777 2287 condemnat
1807 2223 1917 2303 poeta;

257 2324 335 2392 adeo
359 2323 464 2388 inoebi
485 2325 522 2388 in
542 2321 636 2404 fidem
657 2325 724 2406 repi
753 2328 909 2406 acceptam
923 2325 1031 2406 potuit
1045 2327 1157 2406 postea
1178 2323 1369 2408 Fntpentins
1397 2344 1467 2391 curn
1493 2345 1563 2408 repe
1584 2324 1707 2390 iubente
1728 2324 1826 2389 Arrii
1846 2322 1916 2388 doc-

258 2427 377 2493 trinam
398 2425 555 2511 refutaret
575 2424 682 2510 fretus
698 2425 813 2511 fauore
830 2426 1080 2506 Iliresamandi,
1111 2447 1175 2494 non
1197 2429 1306 2510 potuit
1326 2426 1524 2495 Dracontius
1549 2428 1606 2511 qui
1630 2429 1695 2493 iam
1717 2429 1920 2493 contracerot

259 2532 297 2596 in
325 2551 357 2596 se
378 2532 461 2615 repis
482 2530 576 2596 iram.
626 2534 736 2595 contra
763 2531 799 2594 in
827 2530 1045 2612 satisfactione
1067 2531 1137 2596 ticet
1163 2533 1210 2596 tcr
1231 2530 1268 2596 de
1293 2530 1707 2615 meermannianam
1729 2533 1774 2596 est
1794 2530 1920 2596 verbum

259 2633 344 2717 quod
374 2633 555 2700 Aenianum
586 2634 723 2714 potnerit
754 2633 916 2712 offendere.
978 2635 1141 2718 repnantis
1173 2635 1273 2717 ipitur
1308 2633 1565 2712 Guntbamundi,
1598 2634 1655 2716 qui
1685 2633 1752 2716 ipse
1773 2631 1920 2699 manebat

260 2738 427 2804 Arrianus
441 2741 470 2803 et
485 2741 589 2803 tamen
598 2737 783 2819 procedente
797 2757 892 2822 repro
906 2739 1008 2822 napis
1023 2737 1183 2822 mapisque
1197 2737 1357 2804 catholicis
1376 2739 1407 2803 si
1421 2757 1485 2804 non
1498 2737 1629 2823 facebat
1643 2741 1678 2802 at
1691 2737 1917 2822 indntpebat³),

258 2838 507 2926 satisfactionem
533 2841 601 2906 ocri
629 2841 767 2906 similius
794 2843 840 2905 est
865 2839 986 2926 referre
1012 2841 1048 2905 in
1074 2860 1177 2906 annos
1200 2841 1377 2923 priores4),
1406 2845 1469 2906 tres
1491 2841 1622 2907 maioris
1643 2841 1796 2907 carminis
1821 2840 1918 2907 libros

253 2948 371 3026 putare
391 2963 457 3010 non
477 2963 542 3009 esse
564 2945 753 3025 composItos,
774 2943 889 3009 nedum
909 2944 1007 3010 editos
1027 2945 1094 3010 nisi
1111 2944 1347 3026 posterioribus.

360 3047 398 3112 dc
420 3046 640 3132 satisfactione
662 3050 765 3113 annm
787 3047 904 3112 certius
924 3048 1037 3128 opinor
1050 3066 1147 3129 posse
1168 3047 1254 3114 seiri.
1298 3046 1375 3112 dicit
1391 3049 1487 3129 poeta
1509 3066 1538 3111 o.
1553 3049 1619 3111 213

674 3168 810 3234 contulit
831 3167 960 3234 absenti
981 3174 1089 3234 terrae
1112 3169 1287 3256 pelagique
1310 3167 1504 3253 triumphos:

741 3273 857 3338 Ansile.
879 3278 1027 3356 testetur,
1049 3273 1182 3338 Maurus
1204 3272 1325 3358 ubique
1348 3273 1435 3337 iacet

258 3409 338 3476 puae
356 3413 416 3474 per
431 3392 603 3458 cbiasmum
625 3413 715 3474 quem
730 3394 841 3459 dicant
854 3396 1063 3478 inteliependa
1085 3415 1149 3461 esse
1162 3396 1276 3478 opique
1297 3393 1335 3458 dc
1348 3391 1484 3458 Ansiiae
1497 3390 1585 3457 clade
1600 3389 1762 3455 maritiraa
1776 3395 1920 3476 opertam

257 3495 346 3583 en).
392 3497 484 3578 atqui
504 3517 545 3562 ec
562 3496 747 3562 susacim
768 3497 890 3582 (ebron.
905 3499 983 3564 min.
999 3499 1045 3563 II
1056 3519 1093 3580 p.
1109 3499 1182 3577 159,
1205 3499 1291 3562 1327
1318 3495 1360 3581 cf.
1375 3493 1503 3560 Ennod.
1514 3512 1629 3576 panea.
1648 3492 1795 3559 Ibeoder.
1811 3497 1862 3573 13,
1878 3497 1920 3559 70

251 3620 288 3680 p.
299 3601 427 3679 23013
438 3599 500 3684 II.)
513 3601 657 3666 norimus
670 3620 701 3665 a.
711 3601 776 3664 491
795 3601 953 3666 Vardatos
966 3605 1084 3667 coactos
1097 3619 1162 3667 esse
1176 3600 1280 3668 cedere
1291 3599 1414 3678 Sicilia,
1429 3618 1524 3681 quam
1538 3596 1659 3661 annuis
1672 3597 1921 3678 expeditionibus

257 3705 381 3768 uastare
401 3707 578 3768 meream.
616 3702 768 3769 AnsiIam
789 3709 894 3770 autem
912 3703 1017 3788 fuisse
1034 3703 1179 3781 Gothum,
1202 3704 1336 3786 lepatum
1354 3701 1545 3778 Theoderici,
1566 3701 1671 3782 ipsum
1692 3701 1776 3766 docet
1797 3720 1918 3767 nornen.

257 3824 327 3870 eum
348 3805 501 3872 derictrm
522 3825 586 3872 csse
607 3827 629 3870 a
657 3805 813 3873 Vandalis
834 3810 920 3873 testis
942 3812 988 3874 est
1000 3807 1209 3874 Dracontius.
1255 3828 1354 3890 quare
1382 3811 1410 3872 et
1430 3805 1534 3871 clades
1553 3806 1689 3871 Ansiiae
1710 3807 1740 3870 et
1762 3805 1920 3872 Draconti

257 3929 382 3976 carmen
400 3928 465 3974 non
484 3909 590 3989 mutto,
612 3908 668 3974 sed
687 3910 854 3992 aliperanto
875 3914 955 3976 certe
976 3917 1051 3977 ante
1072 3932 1103 3977 a.
1118 3913 1183 3976 491
1205 3909 1381 3976 reiciendac
1402 3909 1533 3992 sont⁸);
1562 3928 1724 3993 suepperere
1745 3910 1828 3974 enirn
1851 3913 1918 3994 rcpi

261 4013 440 4078 menmium
461 4017 601 4094 receptas
622 4013 755 4078 recentis
775 4017 820 4078 est
841 4015 1032 4096 iusipientis,
1054 4033 1120 4080 non
1141 4013 1302 4098 supptims.

361 4121 460 4182 restat
481 4116 622 4198 quaestio
643 4116 681 4181 de
703 4118 843 4183 camnine
865 4137 926 4200 aaa
948 4117 1145 4184 Dementiae
1170 4117 1253 4201 repis
1274 4119 1413 4182 moverat
1434 4117 1512 4183 iras.
1549 4115 1699 4182 hammus
1719 4115 1794 4183 baec
1814 4117 1917 4198 ipsim
1943 4131 2048 4170 came
2065 4115 2104 4168 αἱ

256 4220 449 4285 aeremia:
1015 4263 1018 4270 .
1948 4185 2093 4309 mg?

365 4463 390 4530 l)
408 4460 441 4516 de
459 4461 539 4514 titulo
564 4460 612 4530 aui
634 4466 673 4515 eet
697 4460 731 4518 de
750 4459 881 4516 leudibus
903 4459 950 4516 dei
967 4459 1034 4513 nbi
1056 4476 1113 4514 non
1135 4467 1191 4514 tam
1208 4465 1281 4515 certo
1298 4464 1423 4514 constare
1444 4475 1526 4527 auam
1545 4460 1655 4529 Meyero
1675 4460 1691 4514 l.
1705 4459 1722 4513 l.
1730 4475 1760 4526 p.
1773 4464 1820 4512 271
1836 4456 1917 4510 tibere

255 4548 395 4616 profitear.
438 4562 479 4602 ree
497 4547 567 4601 enim
585 4552 718 4601 tractatae
735 4547 819 4600 aliam
836 4545 962 4600 ridentur
978 4545 1030 4600 eibi
1047 4546 1186 4601 etndr'care
1202 4546 1414 4614 inscriptionem
1457 4545 1505 4613 eui
1522 4544 1612 4598 aritine
1629 4560 1738 4599 carram
1755 4558 1918 4598 marracere

257 4632 355 4699 (Ebcrt
377 4633 395 4688 l.
414 4633 431 4688 I.
443 4651 474 4702 p.
489 4638 603 4702 eticae.
643 4631 794 4700 Manitius,
823 4631 916 4688 (iactu.
935 4631 962 4686 d.
981 4632 1081 4688 cbristl.
1099 4633 1145 4688 lat.
1164 4632 1257 4687 Dictrt.
1272 4649 1302 4701 p.
1314 4637 1361 4687 331
1367 4635 1465 4698 -338,
1482 4631 1579 4701 Meyer
1600 4631 1618 4685 t.
1635 4631 1653 4686 t.
1669 4648 1700 4699 p.
1717 4632 1775 4697 271)
1797 4646 1854 4684 non
1874 4634 1918 4683 sat

258 4716 399 4786 dilipcntcr
416 4717 453 4772 ad
469 4719 613 4773 camiliar
629 4717 878 4786 dtepoabouanmrc
894 4718 1025 4772 caminis
1041 4717 1237 4784 adtcrudenrnt,
1254 4733 1337 4786 qnare
1353 4717 1461 4788 lonpior
1477 4717 1522 4784 fni
1539 4716 1732 4787 Pauly-Wise.
1744 4715 1761 4770 1.
1775 4715 1791 4770 l.
1800 4732 1830 4784 p.
1845 4720 1916 4771 1638.

261 4803 366 4859 debebat
383 4805 525 4860 inscribere
542 4803 715 4860 Dracontius
732 4805 766 4859 de
784 4803 830 4860 dei
847 4804 890 4860 ira
907 4809 937 4861 et
957 4803 1053 4859 venie:
1074 4803 1124 4858 boc
1145 4805 1215 4858 enim
1238 4803 1317 4873 euasi
1335 4803 1422 4858 tberna
1437 4819 1517 4858 anim
1530 4819 1583 4872 per
1599 4809 1651 4858 tres
1667 4803 1728 4858 illos
1745 4802 1827 4856 libror
1844 4807 1918 4856 tena-

255 4889 359 4945 cissime
381 4891 512 4960 sepitur.
552 4890 583 4944 id
605 4896 694 4945 arden
714 4889 843 4945 concedo:
865 4907 924 4945 non
946 4906 999 4946 cece
1016 4889 1093 4944 nobis
1110 4889 1243 4944 baddam
1266 4889 1352 4942 atium
1376 4889 1497 4956 remam,
1520 4889 1681 4944 retinendus
1700 4889 1784 4958 icitur
1806 4887 1918 4942 eratin

258 4975 382 5032 editIone.
491 4977 519 5047 2)
537 4977 674 5032 convicia:
700 4976 837 5047 insipiens
859 4975 950 5032 omnis
972 4975 1091 5032 rationis
1113 4993 1226 5046 egenus.
1332 4974 1359 5044 3)
1378 4981 1471 5030 α.488
1494 4974 1587 5029 Victor
1610 4973 1725 5030 Viteseie
1745 4975 1869 5042 menna
1884 4972 1917 5029 dc

258 5063 488 5132 persecutionibus
504 5063 696 5118 catbolicorum
713 5062 835 5118 nondum
849 5063 937 5129 finitis
958 5065 997 5134 (3,
1009 5063 1136 5131 templ·
1153 5061 1243 5116 codem
1261 5067 1349 5115 tamen
1366 5077 1442 5114 anno
1460 5059 1657 5118 coemeterium
1679 5060 1770 5116 sensti
1786 5059 1918 5129 martyris

258 5148 354 5220 Agilei
371 5150 449 5221 apud
462 5149 664 5221 Carthaginem
682 5148 831 5206 catholicis
846 5149 913 5206 dare
930 5147 1078 5220 praecepit
1091 5146 1323 5203 ermamenarii
1339 5145 1464 5218 Eugenio
1477 5145 1694 5218 Carthaginensi
1711 5146 1843 5218 episcopo
1861 5146 1918 5202 inm

254 5235 290 5292 de
306 5235 391 5293 exilio
402 5239 543 5294 revocate.
579 5237 688 5293 decimo
700 5240 796 5293 eutem
807 5254 879 5293 anno
892 5235 972 5308 regni
989 5235 1034 5291 sui
1051 5236 1104 5306 (10.
1114 5237 1182 5304 Aac.
1196 5235 1263 5302 496)
1281 5233 1414 5290 eccleciae
1426 5232 1628 5290 catholicorum
1646 5232 1759 5304 speruit
1776 5237 1806 5289 et
1823 5249 1918 5290 omnes

258 5321 305 5378 dei
322 5323 481 5380 sacerdotes
504 5326 620 5394 petente
638 5321 763 5394 Eugenio
848 5323 883 5380 de
901 5323 986 5381 exilio
1008 5322 1153 5379 revocavit
1174 5323 1266 5376 tatere.
1277 5336 1330 5391 rep.
1349 5319 1479 5376 Wandat
1501 5321 1651 5376 Monaesen
1673 5319 1766 5376 ebron.
1782 5321 1849 5376 min.
1865 5319 1923 5374 III

257 5425 288 5478 p.
302 5417 360 5466 460.
447 5409 476 5481 4)
494 5411 669 5480 falsissimam
677 5415 748 5478 puto
759 5416 809 5464 sat.
822 5427 845 5464 r.
862 5417 895 5465 01
913 5409 957 5467 vel
969 5409 1113 5466 dominum
1127 5406 1304 5476 interpretari
1321 5405 1354 5461 de
1366 5406 1485 5460 carmine
1501 5407 1533 5460 in
1544 5405 1649 5460 maden
1665 5405 1709 5460 dei
1725 5407 1782 5460 iam
1789 5406 1917 5475 perfecte.

254 5511 327 5563 anae
343 5496 468 5564 secratur
485 5497 654 5565 comparatio
671 5497 752 5551 talem
768 5511 876 5550 saniem
888 5496 974 5564 plane
991 5494 1117 5550 excludit.
1199 5495 1227 5562 5)
1251 5492 1284 5548 de
1301 5493 1378 5548 oictis
1397 5493 1507 5547 Marcis
1530 5493 1566 5561 cf.
1577 5509 1648 5561 piae
1664 5509 1753 5562 nuper
1770 5495 1918 5564 composuit

258 5580 293 5636 L.
305 5580 438 5650 Schmidt,
459 5581 614 5640 Geseiticbtc
637 5583 685 5638 der
709 5581 859 5639 Vandaien.
900 5581 981 5651 Lea.
999 5589 1063 5638 1901
1081 5598 1111 5650 p.
1131 5589 1184 5634 m.
1294 5579 1321 5648 6)
1345 5579 1513 5633 contrarium
1533 5579 1597 5634 iude
1620 5577 1727 5634 deducit
1749 5580 1783 5635 L.
1800 5579 1919 5635 Sdnnidt

255 5665 273 5721 t.
287 5667 304 5723 t.
312 5663 342 5737 p.
356 5677 407 5736 ns,
419 5677 443 5726 s.

1925 2093 1949 2137 et
1966 2084 2075 2138 laudum
2092 2083 2143 2140 dri.
2274 2141 2275 2146 ,
