4590 6390
1128 368 1329 426 DRACONTII

799 545 846 610 sio
870 545 972 611 oculis
996 549 1112 610 ornata
1134 545 1213 622 suis,
1237 545 1284 611 sic
1307 545 1443 633 pulchra
1466 544 1594 626 decore,

801 648 938 716 candida
960 650 1006 714 sio
1029 669 1125 716 roseo
1148 649 1347 736 perfundens
1371 649 1518 716 membra
1540 649 1669 732 rubore,

713 771 765 828 500
800 754 847 820 sie
869 754 960 819 ilaris
983 759 1098 820 oruata
1120 755 1233 837 comis,
1255 755 1302 820 sic
1324 754 1450 840 longior
1472 759 1562 820 artus

799 864 833 924 et
854 877 990 945 procera
1010 879 1130 944 regens
1154 859 1186 923 in
1210 858 1332 946 poplite
1355 857 1503 925 membra
1528 864 1680 925 venusto:

800 963 858 1027 tsli
880 983 1010 1048 semper
1032 983 1093 1047 ego
1116 961 1267 1050 dignatus
1291 963 1431 1049 coniuge
1453 963 1535 1030 felix

799 1087 865 1132 non
887 1065 1004 1132 desim:
1028 1066 1167 1132 famuler
1189 1067 1331 1154 supplex
1354 1074 1389 1134 et
1410 1069 1518 1134 iussus
1540 1067 1684 1150 adorem,

800 1169 937 1236 conubio
961 1191 1074 1236 servus
1096 1171 1226 1238 veniam
1249 1172 1309 1237 suh
1332 1173 1407 1258 legs
1429 1173 1537 1238 mariti

713 1292 765 1349 525
801 1280 896 1340 nocte
920 1274 1037 1361 dieque
1060 1296 1193 1362 pareus,
1217 1275 1370 1362 quidnam
1393 1277 1472 1342 velit
1493 1277 1550 1344 ills
1572 1277 1685 1344 iubere

800 1401 884 1466 quse
908 1380 1018 1467 specie
1041 1380 1188 1466 fulgente
1211 1381 1319 1446 micet.
1366 1379 1537 1448 Menelaus
1561 1382 1692 1448 oberrat

802 1485 932 1551 numine
955 1491 1141 1572 contempto
1164 1505 1229 1550 nou
1251 1486 1369 1570 dicam,
1393 1487 1531 1572 coniuge
1554 1487 1700 1574 pulchra,

801 1591 947 1676 quamvis
970 1611 1092 1656 numen
1114 1590 1208 1656 adest
1229 1589 1365 1656 veniens
1388 1589 1429 1657 de
1452 1593 1554 1678 stirpe
1577 1591 1746 1673 Tonantis,

804 1694 891 1760 unde
915 1715 1019 1780 genus
1043 1693 1148 1759 duco?
1180 1714 1257 1759 mox
1279 1693 1361 1759 haec
1384 1699 1435 1760 est
1457 1695 1559 1762 verba
1580 1697 1720 1778 locutus,

714 1816 766 1874 530
802 1797 996 1886 Tyndaridis
1019 1797 1132 1864 faciles
1155 1799 1304 1884 quatiunt
1326 1799 1465 1886 suspirie
1488 1821 1604 1866 sensus

802 1909 836 1970 et
859 1904 906 1968 sic
929 1924 1005 1968 orsa
1027 1903 1144 1969 refert:
1168 1899 1265 1988 ‘quae
1289 1903 1331 1968 sit
1353 1909 1419 1984 tua,
1442 1903 1588 1990 pulcher,
1612 1905 1712 1991 origo,

801 2013 834 2074 te
857 2009 1016 2074 reticente
1038 2007 1142 2093 magis
1166 2005 1288 2072 dudum
1314 2009 1526 2092 cognovimus
1549 2029 1674 2076 omnes.

802 2118 852 2178 est
875 2132 1047 2177 commune
1069 2132 1190 2197 genus:
1214 2113 1336 2199 pariter
1358 2118 1415 2178 tua
1436 2133 1539 2198 regna
1562 2118 1723 2200 petamus,

805 2216 850 2280 sis
873 2215 952 2281 mihi
975 2221 1011 2280 tu
1035 2215 1177 2281 coniunx
1200 2219 1234 2280 et
1257 2216 1316 2280 sim
1340 2215 1400 2281 tibi
1422 2215 1551 2302 dignior
1572 2238 1665 2284 uxor.

718 2336 769 2392 535
805 2320 865 2386 hoc
889 2341 964 2386 uam
986 2320 1055 2386 fate
1078 2320 1194 2385 iubent
1216 2320 1269 2385 vel
1292 2340 1351 2385 nos
1373 2319 1436 2386 hoc
1457 2319 1615 2408 Iuppiter
1629 2327 1761 2409 urguet:

801 2425 911 2490 vivere
934 2444 986 2489 ms
1010 2424 1132 2509 gemini
1155 2424 1251 2489 iussit
1274 2423 1334 2488 suh
1358 2431 1445 2490 sorte
1468 2426 1588 2493 mariti.

803 2529 950 2594 conferet
972 2527 1090 2609 Atridi,
1114 2528 1260 2614 quisquis
1282 2549 1335 2594 ms
1359 2527 1454 2594 duxit
1475 2536 1612 2612 ametor,

802 2638 838 2696 ut
859 2633 968 2698 rivum
991 2633 1136 2718 linquam
1159 2652 1225 2698 000
1247 2632 1312 2698 iam
1336 2633 1495 2700 moriente
1518 2636 1645 2716 marito,

804 2743 879 2823 post
901 2737 1064 2802 thalamos
1086 2736 1181 2824 primi
1204 2736 1256 2801 cui
1280 2735 1402 2802 debent
1424 2737 1493 2804 fata
1515 2737 1715 2806 secundum’.

716 2856 768 2913 540
803 2839 895 2922 dixit,
918 2846 951 2906 et
974 2841 1100 2926 egressi
1123 2860 1250 2927 puppes
1273 2845 1306 2906 et
1328 2840 1425 2905 litora
1448 2849 1596 2928 possunt.

803 2945 880 3010 dum
903 2949 1017 3031 portus
1041 2945 1247 3030 classemque
1271 2950 1395 3030 petunt,
1421 2946 1568 3033 respexit
1590 2947 1632 3014 ad
1654 2947 1767 3014 urbem

802 3054 915 3135 pastor
938 3054 972 3114 et
993 3050 1162 3134 ingentem
1185 3048 1265 3113 vidit
1288 3069 1487 3134 consurgere
1509 3049 1631 3116 nubem

802 3152 946 3240 pulveris
969 3153 1101 3233 extorti,
1123 3153 1226 3218 movit
1250 3173 1347 3238 quam
1370 3153 1468 3219 turba
1490 3161 1694 3240 sequentum.

802 3263 881 3322 tuno
903 3257 997 3322 Paris
1020 3256 1204 3342 adloquitur
1227 3258 1435 3324 comitantem
1459 3259 1582 3346 praedo
1604 3261 1765 3347 rapinam:

716 3379 767 3434 545
802 3360 1001 3444 ‘occidimus,
1026 3362 1151 3447 regine,
1175 3383 1283 3447 pares,
1307 3383 1366 3428 nos
1391 3361 1491 3428 Graia
1513 3364 1664 3431 iuventus

801 3467 995 3552 insequitur;
1018 3464 1128 3552 gladio
1151 3466 1289 3552 vestigia
1311 3472 1424 3532 nostra
1447 3469 1581 3554 sequaci

803 3576 967 3658 captatum
993 3570 1145 3658 pervenit
1166 3571 1229 3637 iter
1252 3571 1436 3658 quicunque
1460 3573 1594 3638 satelles

804 3674 952 3760 coniugis
975 3674 1111 3756 Atridis,
1134 3674 1295 3740 subnixus
1320 3681 1353 3740 et
1376 3675 1504 3763 hospite
1527 3682 1643 3759 turma,

802 3800 880 3846 mox
902 3784 1101 3846 armatorum
1123 3779 1254 3865 rapiens
1277 3778 1318 3844 ad
1341 3779 1429 3846 bella
1452 3779 1618 3847 cohortes:

715 3902 768 3962 550
802 3893 836 3952 01
858 3907 986 3952 mecum
1012 3885 1149 3950 fortasse
1174 3883 1284 3964 cades,
1308 3884 1335 3949 si
1359 3885 1425 3950 tela
1448 3884 1648 3971 sequentur?

802 3997 879 4055 tunc
903 3989 1064 4076 Spartana
1087 3987 1202 4054 refert:
1226 3985 1374 4070 tiunonis,
1397 3989 1476 4074 quid
1497 3995 1609 4054 nostre
1631 3990 1779 4057 retardas

802 4101 938 4182 pectora
960 4093 1154 4178 colloquiis?
1177 4091 1361 4179 Phrygibus
1383 4099 1493 4160 tamen
1509 4115 1601 4160 arma
1616 4103 1801 4184 capessant,

802 4220 862 4265 rsx
885 4197 1014 4281 dilecte,
1037 4196 1125 4280 iube,
1149 4216 1281 4282 gressus
1303 4197 1446 4262 celerare
1470 4199 1634 4265 ministros

511 4467 563 4520 518
587 4473 686 4520 armata
712 4465 765 4517 Leo
852 4463 905 4515 tuis
927 4461 1053 4526 Roeeberp
1152 4455 1201 4510 521
1227 4466 1340 4512 uenusta
1357 4459 1391 4523 N,
1415 4478 1482 4513 corr.
1501 4461 1628 4530 Bossberp
1731 4463 1783 4517 524
1804 4466 1912 4518 maritus
1937 4463 2061 4528 Iannelli,

408 4557 512 4608 maritas
539 4542 672 4606 Bdlrrent¹
770 4549 821 4604 526
846 4552 949 4603 oberrat
970 4565 1002 4601 en
1025 4554 1062 4600 -st
1087 4565 1153 4598 corr.
1174 4545 1206 4596 N
1312 4545 1364 4598 529
1391 4565 1451 4599 mox
1474 4547 1507 4614 N,
1536 4549 1582 4600 vix
1606 4549 1687 4601 Dalm
1797 4549 1848 4604 534
1873 4553 1915 4604 Sic
1941 4549 1999 4616 (rio)
2026 4551 2062 4617 N,

408 4661 476 4696 corr.
489 4641 607 4694 Ionnells'
675 4657 724 4707 030
742 4639 791 4691 sim
806 4636 916 4689 Ribbeck
986 4635 1033 4687 tihi
1051 4633 1139 4696 Dubn,
1159 4633 1198 4684 tui
1216 4633 1250 4697 N,
1268 4641 1315 4686 tua
1328 4634 1444 4685 10000111
1523 4633 1574 4688 537
1593 4638 1686 4690 Confer
1705 4639 1772 4690 etN
1837 4639 1923 4706 quisq3
1941 4637 1976 4700 N,
1994 4656 2062 4690 corr.

408 4729 525 4782 Iarrnells'
601 4724 653 4780 543
671 4725 755 4778 exorti
774 4722 891 4776 lancelli
960 4729 1046 4773 mouet
1064 4720 1095 4770 N
1160 4717 1211 4772 544
1229 4721 1304 4772 Paris
1322 4719 1447 4785 lucedii,
1465 4722 1544 4789 patris
1562 4723 1593 4773 N
1658 4727 1795 4777 comitante
1813 4725 1846 4791 N,
1865 4743 1932 4790 corr.
1946 4725 2065 4776 Iunmlli

443 4814 494 4869 545
518 4815 607 4882 regina
625 4811 750 4876 Iannrelli,
767 4798 893 4878 regna'N
978 4805 1029 4860 547
1054 4807 1189 4875 peruenit
1207 4805 1238 4857 N
1302 4804 1359 4873 iter]
1383 4808 1564 4860 10111ιῖ0501ον
1645 4811 1785 4878 quincunq3
1803 4811 1837 4878 N,
1862 4829 1929 4862 corr.
1948 4811 2064 4862 Ianrrelli

443 4901 495 4955 548
520 4901 606 4953 Aridis
630 4899 665 4963 N,
696 4915 763 4950 corr.
781 4897 897 4948 Icucclli
977 4903 1002 4948 et
1027 4897 1069 4946 oia
1094 4893 1244 4958 delendam,
1273 4894 1294 4944 it
1318 4893 1438 4945 Billrrens
1542 4893 1593 4947 549
1619 4898 1671 4948 Nos
1695 4897 1776 4948 Dalm
1857 4898 1958 4964 rapient
1986 4897 2064 4948 Dabar

442 4987 494 5042 550
512 4989 576 5040 cade
594 4988 615 5039 si
634 4985 667 5051 N,
685 5003 754 5037 corr.
767 4981 883 5035 Iannelli
969 4980 1018 5033 551
1039 4981 1151 5032 retardes
1170 4979 1202 5044 N,
1222 4997 1289 5032 corr.
1303 4979 1384 5030 Dato
1470 4977 1522 5032 552
1540 4983 1666 5050 Tempore
1685 4983 1795 5036 Ribbeck

513 5244 563 5300 519
582 5241 621 5298 ad
642 5242 725 5297 Orest.
740 5247 785 5297 792
861 5241 913 5296 524
930 5239 1013 5293 Anto.
1026 5245 1067 5307 83,
1080 5245 1114 5294 28
1131 5237 1182 5293 sub
1201 5237 1264 5308 lege
1281 5235 1377 5292 mariti
1395 5237 1440 5308 (cf.
1453 5237 1641 5307 10000000.
1656 5241 1701 5306 98)
1778 5239 1829 5294 525
1847 5239 1905 5294 Vol.
1921 5237 1966 5292 Fe.
1979 5245 2003 5307 2,
2016 5245 2064 5294 281

408 5348 491 5402 nocte
511 5345 610 5415 dieque
624 5363 712 5416 pavor
781 5346 832 5402 529
845 5343 917 5414 Verp.
931 5344 1000 5398 Aen.
1012 5351 1036 5410 6,
1048 5350 1099 5398 801
1117 5342 1190 5396 unda
1203 5358 1290 5413 genus
1303 5340 1382 5396 ducis
1395 5340 1492 5410 (Druc.
1505 5341 1555 5394 IX
1566 5345 1627 5406 229)
1698 5343 1748 5397 535
1762 5341 1830 5397 Hor.
1844 5359 1926 5397 com.
1940 5353 1961 5408 1,
1973 5348 2016 5409 22,
2028 5349 2064 5396 20

409 5449 538 5520 Iuppiter
561 5453 663 5520 urguet
767 5450 817 5505 547
843 5446 933 5518 plodio
957 5445 1064 5514 000000Ι
1088 5445 1209 5499 0010111100
1230 5443 1353 5500 Menelai
1378 5445 1430 5499 tter
1450 5444 1618 5514 percutiunt
1642 5449 1673 5498 ut
1696 5445 1809 5515 capiant
1834 5444 1947 5516 oesfipr'o
1968 5448 2064 5498 nostro

444 5551 830 5619 sodomitanorum
852 5569 961 5608 mecum
985 5551 1102 5608 fumasse
1126 5550 1215 5606 cades.
1247 5550 1282 5616 cs.
1302 5549 1386 5604 Orest.
1404 5555 1453 5605 188
1555 5549 1873 5622 hotmannessun
1895 5546 1978 5605 sociis
1995 5549 2063 5604 tuno

409 5675 487 5714 anna
504 5660 652 5728 capessant
669 5656 749 5713 edico
