4590 6390
1084 379 1287 436 DRACON'I'II

757 558 992 644 absentemque
1014 555 1090 622 ferit
1112 554 1249 642 pavidus
1272 575 1367 642 quem
1391 575 1456 620 non
1480 555 1569 621 videt
1592 555 1730 620 hostem.

756 662 803 726 sie
826 660 911 726 solet
933 661 1049 746 anguis
1073 660 1164 724 hiena
1187 658 1321 725 obsesso
1343 659 1434 725 tonte
1457 679 1618 724 venenum

669 780 721 836 225
756 765 850 831 lance
873 785 990 850 parare
1014 764 1106 830 necis
1129 763 1205 829 latis
1228 763 1420 829 mortalibus
1443 770 1555 849 aptum

755 875 890 956 pectore
913 869 1061 936 sublatus
1084 869 1196 954 lingua
1219 867 1376 934 vibrando
1398 869 1540 934 trisulca.

755 973 899 1040 motibus
923 973 973 1038 his
996 973 1114 1038 mulier
1135 973 1253 1038 melina
1276 973 1389 1057 gavisa
1410 972 1585 1057 resumpsit

756 1078 895 1166 turpiter
918 1077 1056 1143 infames
1080 1077 1221 1142 animos:
1247 1077 1332 1141 redit
1354 1076 1410 1142 illa
1432 1077 1594 1162 voluptas.

755 1182 868 1267 inpete
891 1179 1077 1268 plecti<bili)
1102 1201 1163 1266 per
1184 1180 1306 1246 rustica
1329 1180 1413 1245 colla
1435 1178 1593 1267 pependit

669 1303 723 1360 230
757 1285 867 1351 dulcia
889 1285 1019 1350 lascivis
1043 1284 1191 1370 defigens
1214 1283 1308 1349 basia
1329 1283 1442 1359 labris;

756 1390 813 1455 ille
835 1390 941 1455 vicem
965 1387 1142 1453 redhibens
1165 1386 1266 1453 dabat
1287 1387 1400 1452 oscula
1423 1387 1538 1452 crebre
1559 1407 1618 1474 per
1641 1391 1741 1454 artus.

844 1492 920 1558 dum
944 1512 1115 1557 commune
1137 1491 1231 1557 netas
1254 1492 1386 1577 aequali
1408 1497 1518 1556 mente
1541 1491 1701 1575 fruuntur,

757 1596 850 1682 regia
872 1596 990 1682 puppis
1014 1594 1109 1661 adest
1131 1595 1231 1660 variis
1255 1601 1369 1660 ennete
1392 1595 1532 1660 coronis.

757 1702 830 1788 plus
855 1701 958 1785 magia
982 1698 1125 1765 audaces
1149 1700 1275 1764 animos
1297 1699 1338 1764 de
1363 1699 1496 1764 crimine
1520 1705 1668 1766 sumunt:

670 1821 722 1877 235
758 1806 815 1870 illa
837 1805 923 1892 rapit
945 1805 1099 1886 tunicam,
1122 1809 1234 1890 pastor
1256 1804 1341 1890 rapit
1363 1803 1439 1868 inde
1463 1803 1648 1890 bipennem.

757 1907 866 1974 oificio
890 1913 955 1972 stat
978 1908 1114 1994 quisque
1137 1927 1212 1972 suo:
1237 1907 1363 1974 celatus
1386 1908 1515 1973 adulter

756 2013 841 2078 intra
864 2012 1009 2076 claustra
1030 2011 1122 2093 latet,
1146 2011 1262 2076 mulier
1286 2032 1458 2098 progressa
1480 2031 1657 2098 parumper

756 2124 862 2183 morte
885 2116 1026 2184 maritali
1049 2117 1193 2182 tunicam
1217 2115 1359 2182 subnixa
1381 2117 1519 2182 larebat.

761 2242 821 2287 rex
843 2227 915 2286 rate
939 2219 1143 2286 descendens
1166 2225 1256 2286 tecta
1278 2221 1397 2286 tellure
1420 2220 1613 2308 triumphat:

671 2347 724 2402 240
758 2325 918 2392 bellomm
941 2325 1079 2392 maculis
1102 2323 1267 2407 rutilabat,
1291 2324 1452 2410 sanguine
1474 2324 1618 2411 pulcher,

758 2431 891 2520 grandis
914 2431 947 2495 in
970 2435 1117 2517 aspectu,
1141 2448 1324 2515 pugnarum
1348 2429 1481 2496 horrore
1505 2429 1660 2504 decoms;

758 2537 865 2625 qualis
888 2541 960 2601 erat
982 2535 1130 2601 reterens
1153 2535 1245 2602 caclo
1267 2540 1343 2620 post
1364 2533 1452 2600 bella
1473 2535 1643 2620 gigantam

758 2641 908 2729 Iuppiter
931 2640 1115 2706 astriferam
1139 2641 1271 2706 stellata
1293 2638 1400 2706 fronte
1425 2659 1578 2704 coronam

759 2750 857 2832 atque
880 2744 1064 2810 coruscales
1086 2742 1245 2810 fundebat
1266 2744 1390 2809 vertice
1413 2743 1573 2808 flammas.

672 2867 724 2920 245
760 2849 898 2936 pignora
921 2853 1058 2913 naturae
1083 2853 1280 2913 concurrunt
1303 2846 1411 2912 dulcia
1432 2848 1533 2934 patri;

759 2955 824 3018 itur
846 2954 879 3017 in
903 2953 1075 3039 amplexus
1099 2957 1133 3017 et
1155 2951 1294 3017 reddunt
1316 2952 1430 3018 oscula
1452 2952 1553 3018 danti.

760 3058 885 3122 lumine
906 3056 1060 3123 volvebat
1081 3057 1212 3142 genitor
1234 3057 1344 3121 visura
1367 3057 1521 3141 iugalem,

759 3161 867 3249 pergit
889 3167 923 3226 et
945 3159 987 3225 ad
1009 3159 1172 3225 thalamos
1195 3165 1271 3246 post
1293 3160 1425 3246 publica
1447 3161 1560 3226 limina
1582 3167 1706 3248 portae.

761 3266 852 3355 inpie
873 3286 958 3352 quae
981 3264 1136 3330 reducem
1159 3263 1270 3329 fallaci
1292 3285 1373 3330 voce
1396 3265 1531 3329 salutat:

674 3389 727 3445 250
762 3367 915 3456 ‘belliger
936 3369 1149 3456 armipotens,
1173 3369 1279 3434 cultus
1302 3367 1432 3455 depone
1453 3369 1599 3434 minaces

761 3481 860 3560 atque
882 3472 1018 3538 habitus
1041 3471 1177 3558 dignare
1200 3472 1271 3559 pios
1295 3472 1350 3536 rix
1372 3472 1461 3559 pacis
1485 3479 1621 3541 amator.

763 3600 804 3644 en
826 3577 886 3644 tibi
910 3577 1013 3642 vestis
1037 3575 1132 3642 adest
1154 3582 1266 3641 nostro
1290 3582 1446 3642 contexta
1469 3576 1590 3656 labore,

763 3703 863 3748 aurea
884 3701 1047 3770 purpureo
1072 3680 1243 3746 radiantur
1264 3680 1321 3745 fila
1343 3679 1475 3746 colore.²

761 3787 845 3852 dixit
868 3793 902 3852 et
924 3791 1059 3852 exutum
1083 3785 1202 3852 tutanti
1225 3785 1368 3869 tegmine
1392 3805 1504 3870 regem

469 3998 520 4054 223
538 4000 644 4054 rabidus
656 3995 961 4066 falaiaeimcliotlrmcler
1029 3993 1256 4047 22641444141143
1324 3994 1463 4061 linguosa.
1477 3995 1735 4065 trisulcaaliorrbcry
1804 3998 1854 4052 227
1873 4000 2020 4052 resumitA

399 4087 561 4156 2291441414
574 4087 650 4155 plecti
662 4083 684 4152 Ι)
690 4083 724 4152 ill
731 4083 754 4150 li
766 4085 865 4136 rustica
876 4081 985 4148 (recuro
1000 4085 1080 4150 Isara
1092 4081 1250 4145 litterarum)
1263 4079 1294 4144 Β,
1308 4083 1460 4147 Implentem
1472 4085 1591 4150 amplecti
1603 4103 1649 4152 per
1660 4087 1756 4138 rustica
1769 4087 1802 4152 A,
1816 4104 1884 4140 corr.
1896 4086 2022 4152 Itosaherp

399 4170 810 4238 23144114444Β,144444414
897 4167 949 4222 233
967 4169 1055 4221 uarios
1073 4168 1099 4220 B
1184 4167 1236 4220 234
1254 4169 1322 4220 Hinc
1340 4169 1423 4235 magis
1442 4169 1475 4232 A,
1493 4171 1555 4224 Post
1572 4173 1654 4238 nangis
1672 4172 1764 4224 Haase
1833 4175 1978 4224 discrimine
1997 4173 2022 4222 A

401 4263 510 4314 saainnt
527 4277 594 4311 cm.
613 4260 641 4310 in
658 4264 765 4311 sumunt
782 4256 808 4307 Β
894 4253 946 4307 235
964 4256 1035 4322 rupit
1053 4255 1078 4305 Β
1148 4255 1261 4321 nipennti
1282 4253 1314 4314 B,
1337 4255 1492 4306 securimA
1580 4255 1765 4310 2321444114
1851 4258 2024 4325 2394114414

400 4355 483 4400 tracta
504 4345 645 4400 4411415Β
732 4341 784 4396 242
806 4343 877 4395 caelo
900 4345 1013 4394 reserens
1032 4343 1057 4392 A
1128 4349 1185 4407 post
1204 4341 1265 4392 uela
1280 4339 1306 4391 B
1391 4339 1443 4392 244
1460 4343 1617 4396 findebatA
1703 4343 1845 4399 2464111144
1863 4346 2023 4412 Rothmaler,

366 4435 439 4504 panti
457 4433 490 4498 Β,
510 4435 565 4486 nati
583 4433 608 4484 A
706 4430 758 4485 248
775 4431 864 4498 Pergit
881 4437 907 4481 et
924 4430 958 4480 ad
976 4428 1008 4492 A,
1027 4428 1160 4494 Partinget
1183 4429 1215 4480 ad
1233 4427 1259 4477 B
1345 4426 1396 4480 249
1417 4445 1471 4495 qua
1487 4429 1618 4496 Bttlrrear,
1639 4439 1666 4482 ct
1682 4433 1717 4500 cs.
1728 4435 1779 4485 383
1863 4431 1913 4485 251
1932 4434 2024 4500 nixB,

365 4523 408 4574 nir
421 4521 454 4587 A,
472 4520 631 4588 dnxPeiper
700 4517 753 4572 252
769 4524 886 4570 contecta
903 4515 929 4566 Β
1021 4512 1073 4569 254
1091 4516 1115 4566 D
1133 4521 1159 4566 et
1175 4518 1256 4566 exutii
1276 4513 1302 4565 Β

471 4708 523 4764 223
541 4707 611 4762 Stet.
628 4707 707 4762 Theo.
723 4714 747 4776 6,
759 4711 808 4761 379
818 4705 892 4774 (401)
921 4703 1120 4772 absentemque
1144 4701 1209 4758 ferit
1223 4703 1318 4776 g'rams
1340 4701 1447 4772 ungula
1472 4721 1601 4776 campum
1623 4704 1668 4774 (cs.
1681 4703 1782 4761 Variua
1803 4707 1857 4778 srp.
1877 4715 1903 4772 4,
1915 4709 1951 4776 3).
1979 4707 2025 4761 Oa.

366 4816 538 4880 1111413648
556 4827 639 4880 quem
657 4827 712 4865 non
730 4808 809 4865 videt
827 4808 936 4863 hostem
962 4807 1074 4876 (414443,
1098 4815 1138 4876 10,
1157 4810 1207 4876 69).
1294 4807 1345 4864 226
1370 4807 1445 4878 Very.
1458 4809 1526 4862 Aca.
1539 4815 1563 4876 2,
1575 4817 1625 4864 474
1648 4809 1811 4866 coluber...
1836 4810 1943 4866 lubrica
1962 4829 2025 4866 oon·

371 4915 463 4973 volvit
481 4914 593 4970 sublato
612 4917 725 4985 pectore
743 4917 825 4984 terga
839 4913 941 4968 arduus
960 4912 996 4968 ad
1009 4913 1095 4968 solem
1114 4915 1144 4968 et
1156 4911 1259 4984 linguis
1277 4911 1364 4966 micat
1376 4929 1422 4968 ore
1435 4911 1565 4968 trisulcis.
1592 4913 1675 4969 Drcc.
1688 4921 1712 4982 2,
1724 4915 1885 4986 2391ingua
1898 4913 2026 4970 vibrante

368 5021 485 5078 trisulca
589 5020 641 5076 223
659 5018 729 5074 Stat.
745 5018 823 5074 Theb.
836 5025 860 5087 6,
873 5027 923 5074 465
946 5020 1018 5088 (487)
1037 5017 1111 5075 redit
1128 5018 1179 5074 ille
1196 5017 1284 5072 sames
1388 5017 1440 5071 233
1462 5016 2027 5088 0411144.7492444444114414444444

403 5125 456 5181 234
473 5131 498 5192 3,
510 5132 560 5180 474
578 5140 640 5179 cam
656 5129 723 5178 ootu
809 5123 862 5182 239
885 5125 964 5180 VIII
975 5129 1029 5178 434
1047 5139 1107 5176 trem
1123 5127 1189 5176 nota
1275 5121 1328 5178 240
1345 5120 1412 5175 Stat.
1427 5121 1492 5176 Acir.
1507 5131 1528 5190 1,
1543 5128 1592 5178 853
1608 5122 1729 5178 mbebat
1747 5123 1882 5178 bellorum
1901 5119 2026 5178 maculis.

369 5231 467 5296 (Oreet.
480 5233 549 5298 209).
579 5227 656 5284 aaa.
671 5236 692 5298 7,
704 5236 736 5283 69
757 5229 886 5297 Hyrcano
912 5228 940 5282 in
964 5227 1101 5298 sanguine
1128 5226 1245 5296 pulcher
1331 5227 1382 5281 242
1403 5226 1511 5282 Lucam
1530 5235 1552 5293 1,
1566 5233 1600 5282 36
1623 5229 1688 5296 post
1709 5225 1784 5281 bella
1806 5227 1961 5297 gigantum.
1990 5226 2025 5292 cf.

371 5331 525 5400 claudar,
544 5340 641 5402 Iteqq.
728 5333 780 5388 246
803 5333 1058 5400 8444.41“41·.1,1,97
1081 5331 1136 5386 ibit
1160 5331 1189 5384 in
1215 5331 1361 5401 amplexus
1452 5333 1504 5387 250
1528 5330 1588 5385 Sea.
1610 5329 1707 5386 Troad.
1721 5336 1772 5386 883
1798 5331 1907 5400 depone
1934 5329 2027 5384 cultus

370 5437 521 5506 squalidos.
551 5437 619 5493 Stat.
632 5437 697 5493 Act.
712 5449 733 5508 1,
744 5446 795 5494 259
812 5439 920 5493 animos
938 5437 1072 5493 submitte
1095 5436 1189 5493 viriles
1211 5442 1297 5506 atque
1319 5434 1435 5490 habitus
1457 5435 1573 5505 dignare
1595 5453 1671 5490 meos
1762 5435 1814 5490 252
1837 5433 1962 5502 8411111).
1975 5438 2027 5487 881

361 5541 520 5598 ¹detrahere
539 5542 631 5598 cultus
649 5560 718 5598 uxor
736 5543 852 5599 hostiles
870 5543 955 5609 iubet,
973 5542 1089 5598 induere
1107 5541 1202 5612 potina
1220 5541 1345 5610 coniugis
1363 5540 1434 5596 fidae
1452 5557 1537 5595 manu
1555 5543 1648 5594 textos
1666 5536 1785 5592 amiotus
1855 5536 1907 5592 253
1924 5535 2026 5591 Nemea.

370 5661 431 5716 epa.
444 5653 478 5700 84
496 5663 581 5702 aurea
599 5665 739 5717 purpureo
758 5648 841 5719 longe
859 5647 1003 5704 radiantia
1022 5648 1083 5702 velo
1101 5647 1183 5716 signa
