4554 6396
943 381 1146 440 nuscourn
1180 380 1228 437 ΒΕ
1246 378 1428 437 LA'VDIBVS
1446 380 1507 438 DEI
1541 381 1554 436 I

837 579 899 626 uec
922 559 1038 624 minuit
1060 558 1235 645 quicquam
1257 557 1424 624 detractus
1447 557 1489 622 ab
1511 557 1642 644 ignibus
1665 555 1761 644 ignis.

839 664 958 729 damna
981 662 1090 729 aliene
1113 662 1220 728 solent
1241 662 1381 728 aliorum
1403 663 1495 728 lucra
1516 681 1646 750 parare:

836 767 871 832 bi
894 771 1050 854 quaestus
1074 767 1126 832 cui
1149 765 1269 832 damna
1290 771 1428 854 paranti
1451 767 1485 831 in
1508 765 1640 832 fomite?
1663 766 1815 832 flammae

838 871 1028 938 detractae?
1052 871 1105 936 oui
1126 870 1212 936 forte
1235 870 1331 937 iubar
1355 870 1536 936 subciditur
1559 870 1648 956 ignit

837 996 898 1042 nec
922 975 1054 1042 carnale
1077 995 1181 1062 genus
1203 975 1322 1042 minuit
1344 975 1452 1042 fetura
1475 974 1630 1051 creando;

837 1101 917 1147 ecoe.
937 1078 1027 1146 dedit
1049 1080 1172 1146 bomini
1195 1080 1269 1167 plus
1293 1099 1390 1167 quam
1414 1079 1477 1145 sibi
1499 1100 1560 1144 rex
1583 1078 1665 1146 deus
1688 1084 1817 1146 auctor:

835 1186 1019 1251 formantur
1040 1183 1162 1250 virtute
1186 1183 1240 1249 dei
1262 1205 1332 1248 mas
1355 1205 1439 1249 unus
1463 1188 1496 1248 et
1518 1204 1584 1249 una

838 1296 872 1356 et
893 1291 1014 1356 multos
1038 1294 1129 1354 creet
1151 1309 1235 1354 unus
1259 1288 1366 1371 homo,
1388 1308 1544 1353 mansura
1565 1309 1710 1374 propago

837 1396 981 1461 maxima
1003 1395 1050 1478 fit,
1073 1393 1204 1480 generis
1227 1413 1324 1479 quam
1346 1393 1484 1480 parvula
1505 1392 1589 1459 fudit
1611 1394 1713 1481 erigo.

835 1521 938 1587 parva
960 1499 1023 1566 deo
1047 1499 1177 1566 fuerant
1199 1496 1377 1564 succedere
1400 1503 1489 1578 nata,
1510 1499 1691 1586 peremptis

835 1606 870 1671 ni
893 1610 1089 1692 cousumpta
1111 1604 1204 1670 daret
1227 1608 1302 1690 post
1324 1603 1434 1668 saecla
1456 1623 1629 1689 resurgere
1652 1604 1751 1670 vitae.
1774 1639 1818 1652 -

836 1709 959 1776 sedne
983 1709 1025 1775 sit
1047 1709 1159 1792 fixum,
1182 1707 1307 1774 reditus
1330 1727 1395 1772 non
1419 1727 1494 1773 esse
1517 1708 1665 1794 sepultis,

836 1812 989 1880 cordibus
1011 1813 1152 1893 illorum,
1176 1813 1232 1899 qui
1254 1811 1339 1898 legis
1362 1817 1476 1876 sancta
1497 1811 1683 1898 profanant,

835 1937 945 1982 annua
967 1917 1171 2003 conspiciant
1192 1915 1280 2001 agris
1301 1914 1465 1980 frumenta
1486 1916 1616 1980 renasci

834 2027 962 2088 mortua
983 2042 1045 2108 per
1067 2021 1175 2086 sulcos
1198 2025 1320 2086 terram
1343 2017 1498 2085 findentis
1522 2020 1632 2086 aratri.

834 2125 940 2192 maior
963 2129 997 2191 et
1020 2145 1064 2191 ex
1086 2124 1210 2190 truncis
1236 2122 1340 2209 surgit
1362 2123 1527 2190 radicibus
1550 2125 1647 2190 arbor

836 2237 870 2298 et
893 2229 978 2296 foliis
1001 2229 1121 2296 vestita
1142 2229 1227 2294 viret
1250 2227 1464 2294 redeuntibus
1488 2229 1592 2294 aunis.

835 2334 1008 2423 pampinus
1029 2333 1178 2399 uviferae
1202 2332 1278 2398 vitis
1305 2337 1471 2400 sarmenta
1493 2333 1629 2399 revestit

836 2447 870 2508 et
892 2443 1057 2524 gemmata
1079 2437 1162 2504 rosis
1185 2436 1325 2503 redeunt
1346 2436 1489 2523 virgulta
1511 2437 1652 2503 ruboris:

835 2542 1002 2610 ambrosio
1024 2540 1165 2607 reduces
1188 2545 1343 2628 rumpunt
1365 2539 1406 2606 de
1430 2541 1551 2607 cortice
1575 2541 1710 2623 fruetus,

836 2647 907 2734 quis
932 2651 982 2712 est
1003 2646 1072 2712 vita
1095 2644 1198 2730 fugax
1221 2650 1255 2710 et
1276 2666 1336 2731 par
1359 2665 1433 2710 eum
1455 2645 1536 2711 flore
1561 2653 1731 2724 senectus;

834 2752 871 2817 fit
893 2750 1041 2817 rediviva
1062 2749 1171 2816 virens
1195 2754 1229 2814 et
1251 2748 1396 2814 crinibus
1419 2748 1523 2815 herba
1546 2750 1680 2833 renatis,

834 2855 924 2942 ligna
946 2858 1160 2920 renascentur
1181 2852 1293 2920 reduci
1316 2853 1378 2918 sub
1402 2853 1549 2939 germine
1572 2861 1706 2922 cuneta:

837 2979 922 3045 quae
945 2979 1031 3024 nuuc
1053 2956 1156 3022 herba
1178 2956 1250 3038 fuit,
1275 2957 1400 3043 lignum
1422 2957 1517 3040 iacet,
1541 2956 1643 3024 herba
1664 2960 1784 3027 futura.

837 3082 1012 3150 squameus
1036 3061 1167 3128 exuitur
1189 3060 1321 3126 stellato
1344 3061 1489 3147 tegmine
1512 3083 1664 3149 serpens:

836 3167 922 3255 pelle
944 3165 1132 3232 renascenti
1153 3185 1266 3230 rursus
1290 3162 1449 3232 redeunte
1472 3165 1607 3232 iuventa

834 3275 943 3358 reptat
965 3269 1060 3335 bians
1084 3269 1201 3355 anguis
1224 3289 1284 3356 per
1306 3269 1402 3335 sibila
1425 3275 1559 3356 guttura
1581 3269 1739 3357 pandens.

835 3373 997 3441 frontibus
1019 3373 1164 3440 arboreis
1187 3373 1341 3439 amittunt
1363 3393 1485 3439 cornua
1508 3376 1607 3456 cervi,

836 3479 998 3566 anguibus
1021 3477 1198 3564 assumptis
1221 3477 1281 3543 sed
1303 3498 1381 3542 mox
1403 3479 1548 3565 palmata
1571 3485 1754 3566 resurgunt.

836 3584 941 3652 aerias
964 3579 1085 3648 enudat
1106 3602 1185 3647 aves
1208 3581 1272 3646 iam
1295 3602 1405 3669 penna
1427 3587 1557 3648 vetusta

835 3695 869 3756 et
890 3708 977 3754 nova
999 3685 1161 3753 subvestit
1182 3692 1353 3774 reparatas
1376 3685 1489 3774 pluma
1511 3687 1672 3755 volucres.

835 3797 962 3859 mortua
983 3795 1157 3879 praeterea
1180 3809 1350 3856 caecorum
1373 3791 1497 3856 lumina
1520 3791 1641 3858 dudum

819 3897 924 3964 ,nube
947 3895 1156 3963 tenebrarum
1180 3894 1338 3978 discussa,
1362 3895 1435 3960 luce
1457 3903 1591 3982 recepta

682 4003 734 4059 645
838 4003 881 4068 ed
902 4002 991 4066 visus
1014 3999 1142 4066 rediere
1166 4019 1243 4064 suos
1266 4000 1440 4086 vultusque
1464 4001 1586 4087 sepulti

839 4111 1016 4172 nocturnos
1039 4124 1200 4192 perpessa
1223 4103 1294 4168 dies
1319 4103 1468 4169 oculatur
1490 4104 1615 4190 imago;

421 4321 449 4372 ia
468 4313 556 4374 0619

526 4423 577 4477 617
595 4423 712 4489 1ιο(ιιιίιι)ἰ
733 4418 873 4491 linglualm
894 4419 953 4486 plus
976 4415 1048 4482 alibi)
1067 4433 1114 4469 rex
1130 4415 1164 4481 Β,
1187 4418 1222 4484 cf.
1234 4417 1301 4484 Eup.
1398 4415 1449 4470 618
1472 4419 1596 4470 formatur
1613 4417 1680 4486 aaa.
1776 4419 1827 4474 619
1845 4424 1940 4477 multos
1957 4424 1983 4477 B
2000 4425 2077 4493 Eup„

420 4510 504 4562 malos
524 4509 547 4560 0
639 4509 691 4562 623
709 4512 737 4574 83
758 4525 776 4560 n
789 4547 795 4562 .
806 4545 812 4560 .
823 4509 843 4559 it
859 4508 915 4558 fixu
933 4504 958 4555 Β
975 4503 1014 4555 ita
1030 4511 1060 4554 at
1077 4521 1094 4554 n
1116 4511 1141 4554 et
1161 4503 1181 4554 it
1203 4503 1254 4554 tint
1277 4503 1383 4556 additae
1401 4521 1418 4554 a
1436 4521 1517 4556 mona
1534 4507 1563 4570 2,
1581 4513 1678 4558 retem
1694 4507 1803 4562 detritae
1820 4509 1874 4560 iam
1892 4519 2029 4578 anthrrom
2048 4513 2083 4563 nl

421 4595 556 4663 caspar
652 4593 938 4660 cavenniaco.
958 4589 1144 4657 M²‚es.Euq.
1231 4585 1283 4640 628
1299 4591 1376 4642 annis
1397 4590 1473 4658 naq..
1496 4591 1573 4644 arbor
1591 4591 1617 4642 Β
1633 4609 1665 4645 aa
1684 4609 1760 4646 uersu
1776 4596 1867 4660 priore
1963 4595 2015 4650 629
2032 4599 2078 4650 ubi

421 4685 474 4736 lara
492 4682 529 4748 Β,
547 4682 688 4747 umbrifero
705 4681 740 4732 M
741 4681 752 4714 ⁸
760 4680 798 4731 1⁷¹
868 4685 983 4731 armenta
1000 4676 1026 4728 B
1116 4674 1170 4729 636
1186 4677 1285 4729 rubetis
1303 4676 1390 4728 Bortb
1481 4675 1531 4730 631
1550 4685 1706 4747 rumpuntur
1723 4680 1790 4748 Eup.
1881 4679 2078 4749 cassiopam

421 4767 500 4836 lla,
527 4765 587 4836 palr
611 4784 671 4820 cum
693 4765 769 4834 f]lore
786 4783 852 4834 pstor
869 4766 963 4818 inclusi
979 4781 1105 4816 evanuere
1131 4763 1159 4814 iri
1178 4763 1215 4828 Β,
1243 4765 1298 4832 pari
1324 4765 1386 4816 flere
1411 4765 1483 4832 salso
1501 4765 1635 4834 descripsit
1651 4768 1741 4819 amu
1827 4768 1879 4824 633
1897 4772 1983 4824 virens
2001 4771 2078 4840 usq„

420 4857 515 4908 florens
536 4854 563 4906 Β
657 4851 709 4906 638
730 4861 827 4922 guture
848 4853 962 4920 pendens
980 4851 1006 4902 Β
1100 4847 1153 4902 639
1175 4851 1301 4905 Fontibus
1319 4849 1357 4916 B,
1380 4850 1523 4917 eorr.ll1⁸,
1545 4853 1580 4920 cs.
1599 4852 1667 4922 Eup.
1762 4854 1814 4910 640
1840 4858 1979 4927 Anguibus
2000 4857 2077 4926 Eup„

423 4941 560 5010 Vngnibus
577 4939 604 4992 Β
688 4938 741 4993 642
758 4958 826 4994 noue
844 4939 878 5006 Β,
896 4955 963 4991 cerr.
976 4936 1020 4988 Μ’
1037 4935 1105 5004 aba.

525 5128 576 5184 612
597 5129 634 5198 ef.
651 5129 730 5185 Ean.
746 5133 814 5199 trop.
831 5133 883 5184 366
899 5141 953 5196 sqq.
1049 5125 1102 5182 614
1125 5121 1382 5197 Vcr'9.Aca.1,176
1399 5123 1429 5181 in
1452 5125 1551 5184 fomite
1573 5127 1714 5184 flammam
1806 5131 1856 5188 621
1876 5131 1958 5186 bravia
1982 5131 2079 5188 amar

420 5245 504 5301 amaa
521 5231 665 5288 odorariam
687 5231 766 5304 digai
788 5232 833 5289 dci
854 5246 1000 5288 accesere
1016 5230 1132 5298 fabarol
1148 5229 1274 5297 homiues,
1296 5230 1351 5284 aiai
1368 5231 1404 5286 cis
1420 5247 1478 5300 spes
1495 5231 1563 5287 dota
1580 5237 1643 5287 meet
1659 5237 1724 5302 post
1740 5237 1849 5288 πιονιιιιι
1870 5235 2028 5306 rearapsndi

420 5335 473 5391 624
489 5335 586 5404 paulas
610 5343 653 5405 88,
670 5343 704 5394 22
724 5337 748 5392 si
774 5337 900 5395 iustitias
923 5353 1000 5394 meas
1022 5332 1233 5406 profanaverint
1336 5335 1387 5390 625
1414 5350 1447 5388 aa
1469 5335 1620 5391 Draoorsbo
1641 5340 1757 5405 pessare
1780 5335 1935 5392 adbocata
1959 5353 2012 5394 esec
2029 5339 2077 5395 Ps.

424 5437 553 5510 prrina.
566 5439 710 5496 dorcam
723 5446 940 5498 mort.121-136
1026 5437 1078 5494 628
1096 5436 1173 5508 Varo.
1186 5437 1253 5491 Aac.
1266 5443 1292 5505 8,
1304 5445 1340 5492 47
1355 5438 1537 5496 redeuntibus
1550 5441 1631 5496 annis
1644 5441 1729 5496 Drce.
1742 5448 1766 5512 2,
1779 5448 1828 5497 222
1914 5441 1965 5498 635
1983 5460 2006 5500 o.
2018 5443 2076 5500 ind.

419 5542 468 5598 stab
485 5542 536 5614 qni
629 5543 680 5600 638
703 5545 855 5617 Vapdca.
869 5553 892 5612 ⁶,
905 5551 954 5600 421
972 5545 1089 5616 guttura
1101 5540 1227 5612 pandens
1314 5543 1781 5614 &ambroniacenses
1799 5545 1922 5604 arboreis
1939 5563 2026 5606 ceruos

420 5646 472 5707 640
489 5647 522 5704 dc
543 5663 573 5704 rc
596 5664 619 5704 e.
637 5649 693 5706 iad.
711 5650 891 5721 subserpens
995 5647 1047 5706 644
1069 5643 1113 5700 Oc.
1127 5649 1186 5700 met.
1199 5653 1236 5715 16,
1252 5654 1283 5702 70
1300 5647 1425 5706 discusse
1442 5648 1517 5710 nube
