4590 6390
1131 371 1333 429 DRAOONTII

886 572 926 617 rr
947 570 1082 625 ruamus:
1103 571 1246 616 nouonsu
1268 569 1352 614 usvu
1373 568 1496 628 mursa,
1521 567 1734 612 rsuuvssossu

886 675 1036 721 rsrnocnr
1051 675 1177 720 clursvs
1193 675 1231 720 nr
1247 673 1438 718 vonvcnravs
1457 650 1507 737 (ει)
1525 671 1645 717 nsonno
1660 669 1843 716 nsursnovu.

447 762 680 842 QVAESTIO
803 759 1003 826 Hectoreum
1027 759 1053 823 si
1076 758 1159 823 forte
1183 778 1282 824 canes
1304 757 1429 822 laniare
1453 755 1593 822 cadaver

801 866 871 951 ipse
895 885 993 950 puras
1016 863 1203 948 crimenque
1226 867 1332 949 putas,
1355 861 1416 926 hoc
1439 859 1556 927 Medus
1580 859 1755 924 honestum

733 985 768 1044 80
805 967 908 1034 credit
930 974 964 1034 et
987 967 1028 1033 ad
1051 967 1170 1032 Persas
1194 966 1298 1032 honor
1321 972 1382 1048 est,
1405 965 1432 1030 si
1456 964 1604 1030 membro
1626 964 1777 1028 volueres

801 1073 954 1160 eripiant:
980 1077 1013 1138 et
1036 1071 1126 1136 nulla
1149 1070 1245 1136 detur
1265 1071 1344 1136 licet
1367 1069 1499 1135 ossibus
1522 1089 1613 1149 urna,

799 1177 910 1242 multis
933 1175 1081 1242 membra
1103 1181 1215 1241 tamen
1239 1173 1421 1241 condentur
1443 1179 1537 1260 rapta
1560 1171 1757 1259 sepulchris:

800 1303 916 1369 corpus
939 1281 1071 1346 tlamma
1094 1301 1243 1346 cremans
1266 1277 1417 1360 absumit,
1440 1276 1588 1344 membra
1612 1272 1791 1361 (vorantes)

799 1385 861 1452 hoc
885 1385 974 1451 cenis
998 1385 1060 1450 hoc
1083 1384 1234 1449 volucres
1258 1383 1399 1460 faciunt;
1422 1382 1478 1448 vix
1502 1402 1579 1448 ossa
1600 1381 1799 1467 relinquunt,

729 1507 763 1562 85
800 1495 833 1555 et
855 1511 953 1575 rogus
977 1509 1054 1554 ossa
1076 1488 1170 1575 rapit.
1216 1487 1326 1552 forsan
1350 1487 1533 1552 servabitur
1555 1485 1691 1563 Hector,

804 1599 841 1659 ut
864 1592 1048 1660 madefacta
1072 1591 1190 1658 cadant
1213 1590 1411 1656 siccantibus
1434 1611 1510 1656 ossa
1532 1589 1685 1655 medullis

801 1704 836 1762 st
859 1698 954 1783 longa
978 1696 1038 1762 sub
1063 1696 1138 1762 tabe
1162 1696 1287 1760 fluant?
1311 1693 1373 1760 boc
1396 1699 1513 1761 cuncta
1537 1693 1714 1780 sepulchra

800 1807 974 1877 exercent;
998 1807 1109 1866 tamen
1132 1799 1292 1882 intererit,
1315 1798 1402 1885 quod
1425 1799 1540 1864 clausa
1562 1797 1707 1864 tenebris

799 1911 990 1992 putrescant
1013 1903 1156 1984 tumulis,
1179 1909 1214 1968 at
1236 1902 1288 1968 hio
1313 1903 1373 1968 snb
1397 1904 1471 1968 luce
1494 1902 1687 1969 madescant

730 2027 765 2084 90
800 2015 1016 2097 aspectusque
1040 2015 1114 2072 tuos
1138 2007 1305 2072 funestent
1328 2027 1405 2072 ossa
1427 2005 1550 2072 diurnis

798 2113 932 2180 visibus.
979 2111 1207 2178 Andromache
1231 2111 1390 2176 tumulum
1415 2111 1477 2176 eibi
1501 2111 1623 2176 formet
1646 2111 1777 2176 inanem

798 2225 831 2284 et
854 2239 984 2284 oausam
1008 2217 1150 2282 lacrimis
1174 2217 1273 2282 laoist
1296 2236 1392 2302 quum
1418 2213 1561 2302 denegat
1584 2214 1703 2280 hostis:

798 2329 831 2387 te
855 2328 975 2404 tamen,
998 2321 1120 2386 Iliacae
1144 2320 1318 2407 populator
1339 2319 1459 2406 gentis,
1482 2319 1647 2386 Achillem

798 2427 950 2512 sacrilegi
973 2427 1039 2491 iam
1062 2446 1171 2513 poena
1192 2430 1314 2504 manet,
1339 2424 1394 2511 qui
1417 2425 1492 2490 vive
1514 2425 1692 2512 peremptis

729 2548 765 2604 95
802 2532 951 2598 funestas
976 2532 1140 2597 elementa
1162 2529 1251 2593 viris.
1297 2529 1513 2616 corrumpitur
1534 2549 1593 2594 aer

797 2635 966 2715 mortibus,
989 2634 1075 2700 unde
1099 2639 1189 2698 caret
1210 2633 1321 2698 laesus
1345 2633 1501 2698 vitalibus
1528 2633 1631 2710 auris;

798 2760 863 2805 non
884 2759 984 2826 purus
1008 2738 1068 2804 sub
1092 2738 1162 2803 sols
1187 2737 1268 2820 dies,
1293 2758 1357 2802 non
1381 2736 1489 2803 sidera
1511 2737 1618 2803 noctis

799 2845 970 2929 impullata
993 2843 1124 2924 micent,
1148 2841 1317 2906 fuscantur
1340 2861 1462 2906 cornua
1484 2843 1592 2923 lunae,

798 2947 948 3014 sordibus
973 2952 1007 3012 et
1029 2951 1132 3011 totum
1156 2946 1241 3012 caeli
1265 2967 1333 3011 nox
1357 2945 1461 3011 inficit
1483 2947 1607 3012 orbem.

713 3069 763 3126 100
797 3073 862 3117 non
885 3050 1039 3117 Phoebus
1061 3049 1186 3116 Danais
1210 3050 1352 3132 morbos,
1377 3070 1442 3115 non
1466 3049 1566 3116 Troia
1588 3050 1738 3136 Pelasgis

798 3156 917 3221 inferet
940 3161 996 3220 aut
1018 3159 1130 3218 natam
1153 3159 1307 3240 repetens
1331 3175 1389 3241 per
1412 3161 1520 3220 castra
1543 3155 1696 3221 sacerdos

801 3260 944 3346 Chryses
967 3257 1176 3345 Apollineus:
1199 3257 1276 3323 bino
1300 3264 1386 3339 sunt,
1410 3258 1486 3325 hinc
1510 3259 1627 3325 lunera
1650 3266 1776 3325 maeste

799 3363 934 3429 fortibus
957 3369 989 3427 et
1012 3362 1134 3428 bellum
1158 3363 1283 3448 geritur
1307 3383 1380 3428 oum
1405 3362 1513 3428 Morte
1537 3371 1683 3431 cruenta.

798 3469 923 3534 Hector
946 3467 978 3532 in
1001 3466 1096 3532 hoste
1119 3464 1180 3530 luit
1203 3487 1335 3549 saevus,
1359 3488 1432 3532 oum
1454 3467 1522 3532 vita
1544 3475 1709 3534 maneret:

713 3589 763 3647 105
798 3573 871 3658 plus
894 3577 969 3658 post
991 3569 1059 3634 fatu
1081 3576 1186 3635 nocet.
1236 3576 1325 3636 certe
1349 3569 1552 3636 medicabilis
1575 3571 1631 3638 ille

797 3683 829 3741 te
853 3675 974 3741 Ohiron
997 3672 1108 3740 docuit
1131 3681 1241 3762 pestes
1265 3695 1383 3740 sanare
1407 3675 1582 3757 iacentum,

797 3802 871 3846 cnm
894 3778 1032 3844 chordas
1056 3785 1205 3864 quateret
1226 3779 1363 3866 plectro,
1387 3799 1461 3843 cum
1484 3779 1571 3845 bella
1595 3789 1774 3864 manerent,

796 3891 829 3948 et
852 3883 1010 3948 citharam
1033 3889 1108 3969 post
1129 3883 1201 3947 lora
1223 3881 1328 3965 daret,
1353 3903 1427 3948 cnm
1450 3883 1570 3950 mentis
1595 3892 1731 3952 onustae

796 3995 871 4074 post
895 3987 1134 4053 Centaurorum
1159 3991 1270 4073 raptas
1294 3986 1334 4051 de
1356 3987 1490 4052 flumine
1514 3989 1653 4074 praedas

503 4248 531 4299 ia
547 4247 702 4313 quaestionis
719 4247 792 4299 titulo
811 4249 840 4300 Sl
859 4247 921 4298 add.
934 4247 1017 4298 Duha
1104 4244 1137 4297 81
1157 4247 1223 4297 nulli
1241 4246 1276 4311 N,
1296 4263 1363 4298 corr.
1377 4247 1506 4301 Br'c'clreler
1576 4251 1649 4302 nulla
1667 4259 1694 4304 et
1711 4252 1805 4318 Perper
1892 4253 1926 4306 83
1943 4255 2057 4306 absumit

400 4333 428 4400 (u
447 4336 474 4386 in
492 4337 599 4396 rasura)
618 4333 648 4384 N
713 4342 834 4387 notantes
856 4351 904 4386 om.
920 4334 955 4397 N,
978 4333 1040 4385 add.
1059 4333 1189 4385 Bttolreler
1292 4331 1326 4384 86
1349 4335 1416 4386 male
1442 4337 1510 4388 lucta
1533 4337 1566 4402 N
1593 4355 1659 4390 corr.
1677 4339 1804 4391 Br'u'olrcler
1874 4341 1994 4393 medullis
2016 4339 2057 4404 (al

397 4421 595 4488 priorlerara)
608 4422 639 4472 N
708 4419 743 4472 88
760 4421 851 4473 olausa
868 4422 934 4472 inter
951 4421 1113 4472 scribendum
1131 4437 1162 4472 cx
1179 4437 1261 4472 causa
1277 4423 1460 4473 eorrecrrrmN
1542 4421 1575 4475 89
1593 4427 1749 4477 Putresonnt
1766 4427 1887 4478 Bithrcm
1957 4427 2056 4480 mades·

400 4517 463 4560 cunt
485 4509 519 4572 N,
544 4527 610 4561 corr.
629 4509 757 4560 Brtclrclcr
852 4506 886 4558 92
908 4507 989 4558 faciat
1010 4506 1132 4558 Btthrens
1233 4506 1268 4559 94
1292 4525 1401 4576 monam
1424 4509 1464 4574 (at
1486 4527 1510 4560 m
1534 4510 1623 4576 masa)
1647 4512 1678 4562 N
1760 4509 1794 4563 96
1812 4515 1898 4566 laesus
1919 4513 1951 4578 N,
1979 4515 2056 4566 tellus

400 4595 481 4647 Duhu
578 4594 611 4647 97
636 4613 700 4663 puro
724 4595 845 4646 Bdhrens
891 4651 896 4661 ,
949 4591 984 4645 98
1009 4594 1148 4660 lnrpollnta
1170 4595 1297 4646 Bs'c'clreler
1372 4595 1503 4647 sulcantur
1524 4597 1559 4662 N,
1581 4615 1647 4650 corr.
1661 4597 1789 4650 Br'r'clsclar
1865 4601 1944 4652 lunas
1965 4599 2057 4664 Dalm,

399 4684 459 4736 luce
476 4684 504 4734 N
571 4681 605 4735 99
624 4683 688 4735 coeli
706 4699 766 4734 mox
784 4681 818 4742 N,
838 4699 905 4733 carr.
921 4678 1050 4747 Rossbery
1121 4677 1173 4732 100
1189 4681 1263 4748 virgo
1281 4681 1398 4749 Pelasgis
1416 4681 1537 4734 Btthrom
1609 4683 1656 4736 101
1676 4687 1774 4738 Inseret
1791 4686 1826 4752 N,
1845 4704 1912 4738 corr.
1925 4686 2057 4750 Bdhrcar,

399 4771 481 4820 lnlsrt
501 4768 629 4821 Br'tclrsler
698 4777 745 4821 aut
762 4776 843 4820 naula
864 4775 981 4834 repetens
1003 4765 1037 4830 N,
1064 4783 1131 4816 corr.
1153 4765 1233 4816 Dolo
1321 4765 1370 4817 105
1391 4751 1462 4821 ‘derio
1483 4768 1519 4819 sic
1543 4769 1575 4834 N,
1598 4786 1665 4822 corr.
1683 4771 1764 4823 Dalm
1833 4773 1991 4825 medicabilis
2013 4766 2056 4836 (lis

399 4872 430 4907 cu
448 4857 479 4906 lsi
498 4855 636 4920 correctae)
650 4854 678 4906 N
752 4853 801 4908 107
821 4862 935 4908 moneret
955 4853 1088 4916 Br'tclreler,
1108 4859 1223 4905 tacerent
1236 4853 1356 4906 Bdlrrcar
1427 4853 1478 4907 108
1495 4857 1606 4922 honusta
1623 4853 1712 4924 (erasa
1730 4859 1760 4927 h)
1777 4860 1811 4924 N,
1834 4861 1956 4913 honestae
1974 4859 2056 4912 Duha

502 5113 536 5168 82
554 5130 611 5168 aon
627 5129 681 5167 mos
698 5118 735 5167 ost
752 5113 804 5167 illis
821 5129 920 5168 urceum
937 5111 1002 5167 duro
1020 5113 1138 5167 morou
1175 5119 1264 5167 tamea
1281 5131 1336 5168 sua
1353 5116 1475 5184 amulum
1492 5115 1646 5183 inueniant,
1672 5131 1733 5170 cum
1749 5131 1767 5168 u
1791 5115 1903 5170 cantore
1927 5115 1966 5169 od
1984 5115 2055 5170 uolu-

399 5216 489 5271 cribus
510 5215 680 5271 decoramur.
715 5215 871 5284 metaphora
895 5215 1043 5285 Gorqr'uua.
1079 5216 1207 5283 smmum
1230 5217 1385 5273 condentur
1409 5217 1549 5272 relohuurn
1635 5213 1669 5274 87
1689 5218 1797 5273 Mean.
1810 5225 1834 5286 2,
1848 5226 1894 5274 166
1916 5237 1978 5274 cum
1997 5217 2055 5274 iam

399 5319 465 5374 tabe
484 5318 574 5375 fluunt
643 5321 674 5375 91
698 5319 775 5391 Vcrp.
789 5321 856 5373 Acro.
869 5325 892 5386 3,
905 5325 957 5374 303
973 5318 1168 5375 Andromache
1179 5361 1185 5373 .
1197 5360 1220 5375 ..
1240 5321 1428 5377 tumulum...
1447 5321 1611 5378 inanem...
1630 5339 1743 5376 oausam
1761 5321 1884 5377 lacrimis
1953 5322 1989 5378 93
2008 5321 2053 5378 Ou.

398 5427 565 5489 oret.12,593
583 5423 675 5492 operis
693 5423 780 5478 nostri
798 5423 950 5494 populator
968 5422 1092 5479 Achilles
1162 5425 1197 5480 94
1216 5423 1295 5477 Paul.
1308 5423 1370 5478 Nol.
1384 5439 1465 5479 curra.
1479 5433 1519 5492 10,
1533 5431 1586 5480 437
1596 5425 1763 5495 sacrilegum
1781 5444 1831 5481 sua
1850 5444 1941 5496 poena
1958 5431 2055 5483 manet

437 5526 485 5583 104
510 5525 586 5597 Vcrp.
600 5528 669 5582 Aen.
685 5535 709 5594 6,
726 5535 778 5584 608
801 5505 867 5583 ddm
885 5527 944 5583 vita
967 5528 1101 5583 manebat
1123 5528 1157 5596 (6,
1170 5529 1236 5594 ool).
1275 5525 1370 5583 Claud.
1388 5535 1429 5596 15,
1447 5535 1498 5584 300
1520 5529 1586 5584 dum
1605 5528 1666 5584 vitu
1688 5531 1815 5586 muneret
1903 5529 1952 5587 105
1970 5529 2054 5584 Aaou.

399 5635 455 5700 672,
467 5635 501 5685 32
518 5635 583 5704 post
600 5631 660 5688 fata
678 5649 781 5688 nocens
870 5631 920 5688 109
937 5629 1225 5700 castanetum
