4590 6390
978 351 1154 408 Romnum
1173 351 1212 408 IX

575 541 626 598 185
660 525 757 592 hasta
779 531 896 613 potens
920 533 1142 615 quantumque
1165 527 1256 594 dedit
1277 526 1457 592 Vulcanius
1482 525 1581 592 ensis.

660 652 736 696 nam
760 630 848 717 quod
870 637 962 718 terga
985 632 1104 715 ierunt,
1128 632 1191 698 hoc
1212 651 1326 697 currus
1349 631 1428 697 iecit
1449 629 1595 712 Achillis,

661 735 738 800 dum
761 735 861 801 trahit
880 737 1015 802 extincti
1037 738 1163 803 iuvenis
1186 758 1245 824 per
1267 757 1351 803 saxa
1373 735 1511 802 cadaver

661 846 695 904 et
717 839 848 906 domino
871 840 935 906 iam
960 839 1079 906 damna
1101 847 1220 929 parant
1242 840 1284 907 de
1307 841 1422 908 funere
1444 847 1558 907 tracto.

661 943 809 1010 Hectora
831 944 985 1010 mirantes
1007 945 1080 1031 plus
1104 951 1137 1011 te
1159 945 1339 1026 laudamus,
1362 943 1521 1024 Achilles,

576 1063 626 1120 190
661 1068 767 1134 aquo
790 1048 894 1114 vietus
917 1047 1002 1112 obit:
1027 1047 1125 1114 finem
1148 1047 1199 1130 da,
1224 1069 1352 1135 magne,
1375 1048 1481 1114 dolori

662 1157 695 1216 et
717 1155 791 1237 post
813 1151 991 1218 vindictam
1014 1152 1144 1216 veniam
1168 1152 1312 1218 concede
1334 1159 1516 1239 perempto,

662 1254 717 1342 qui
739 1275 863 1341 poenas
886 1256 919 1320 in
942 1255 1015 1321 luce
1039 1254 1137 1321 dedit.
1183 1257 1248 1322 iam
1271 1257 1398 1344 respice
1421 1256 1522 1322 mitis:

661 1357 865 1445 Astyanacta
888 1358 991 1438 vides,
1015 1359 1134 1446 Pyrrhi
1157 1360 1313 1427 succedat
1335 1361 1443 1446 imago

662 1469 738 1530 ante
761 1463 872 1528 oculos
895 1461 1015 1528 dilecta
1037 1463 1105 1544 tibi,
1129 1463 1317 1551 Priamique
1340 1470 1491 1530 senectus

577 1583 626 1639 195
662 1567 827 1633 mentibus
850 1567 1014 1633 adsciscat
1036 1567 1216 1634 venerandi
1238 1575 1314 1634 vota
1336 1569 1493 1656 parentis.

662 1691 738 1737 nam
761 1671 890 1757 genitor
911 1671 1032 1738 Peleus
1055 1671 1178 1737 laetum
1201 1679 1275 1760 post
1297 1673 1384 1739 bella
1406 1672 1518 1740 uidere

663 1780 695 1840 te
719 1776 821 1862 cupit;
843 1781 877 1840 et
899 1775 1009 1842 senior
1030 1775 1246 1862 Lycomedes,
1270 1779 1417 1864 coniugis
1440 1785 1566 1864 auctor,

663 1886 799 1967 exoptat
821 1879 933 1946 reduci
956 1879 1104 1965 gaudens
1127 1880 1246 1947 offerre
1269 1889 1434 1968 nepotem.

663 1983 849 2070 planctibus
866 1982 1115 2050 Andromaches
1140 2005 1200 2050 ceu
1216 2006 1374 2072 praesens
1396 1985 1517 2052 blanda
1532 1993 1665 2073 putetur

576 2104 628 2161 200
662 2087 838 2153 Deidamia
860 2087 965 2168 simul,
989 2109 1073 2174 quae
1097 2090 1213 2154 soliers
1236 2096 1332 2155 noete
1354 2089 1473 2176 dieque
1513 2171 1518 2179 .

662 2197 772 2257 mente
795 2191 898 2257 oeulis
922 2197 1047 2258 attenta
1070 2193 1172 2268 volat;
1195 2214 1269 2258 nam
1293 2193 1444 2260 fluctibus
1470 2195 1550 2262 atris

663 2297 799 2362 carbasa
820 2297 923 2383 prima
945 2295 1060 2362 videns
1083 2317 1198 2389 amans
1220 2298 1361 2364 occurrit
1383 2299 1416 2362 in
1439 2298 1534 2364 undis

662 2400 866 2488 perquirens,
889 2401 916 2466 si
939 2397 1039 2466 Troia
1062 2402 1135 2483 ruit,
1159 2401 1186 2466 ei
1209 2401 1351 2467 concidit
1373 2401 1509 2485 Hector,

664 2505 805 2570 sollicita
827 2525 924 2591 quem
947 2511 1057 2571 mente
1081 2506 1192 2581 timet;
1215 2511 1247 2570 te
1270 2506 1396 2592 plectra
1418 2513 1587 2576 tenentem

576 2625 628 2683 205
663 2616 762 2695 atque
784 2609 902 2676 iterum
926 2607 1061 2676 blandas
1083 2609 1216 2676 iuvenili
1238 2611 1358 2696 pollice
1382 2611 1520 2679 chordae

663 2719 853 2801 tangentem
875 2713 1011 2780 laudare
1034 2715 1124 2814 cupit
1147 2721 1181 2780 et
1203 2713 1337 2780 brachie
1361 2715 1443 2782 collo

663 2800 796 2885 nectere
819 2817 985 2885 mellifluis
1008 2817 1189 2905 adiungens
1213 2819 1327 2885 oscula
1349 2819 1460 2886 labris.

663 2921 803 2990 Hecuba
825 2928 950 2990 maesta
972 2943 1106 3009 gemens
1129 2929 1162 2988 et
1185 2944 1285 2989 canos
1308 2925 1445 3012 pulvere
1468 2923 1603 2992 foedans
1625 2963 1667 2973 —

665 3029 774 3093 omine
797 3049 862 3094 nou
885 3028 944 3094 tali
967 3034 1105 3093 matrem
1128 3033 1319 3115 praesentet
1341 3028 1382 3094 ab
1405 3027 1502 3095 undis

540 3219 542 3225 Ι
578 3149 630 3206 216
665 3131 764 3199 corde
788 3138 844 3198 tuo
867 3133 989 3219 pictas:
1014 3132 1093 3198 licet
1115 3131 1199 3198 haec
1221 3133 1372 3199 mortalia
1393 3133 1463 3199 fata

664 3237 698 3302 in
721 3257 756 3302 se
779 3235 869 3302 nulla
891 3237 995 3319 timet,
1019 3243 1130 3303 tamen
1152 3237 1235 3303 haec
1258 3244 1302 3320 te,
1326 3237 1420 3304 fortia
1443 3237 1602 3321 Achilles,

663 3341 835 3407 mortalem
858 3341 1014 3426 genuisse
1038 3339 1136 3407 dolet.
1182 3341 1275 3425 haec,
1299 3363 1436 3426 summe,
1460 3349 1603 3408 retracta

666 3451 699 3510 et
721 3445 851 3511 veniam
874 3445 991 3530 largire
1015 3445 1100 3532 pius.
1145 3445 1172 3509 si
1196 3465 1298 3531 parva
1319 3452 1485 3532 putantur,

667 3548 720 3614 iac
743 3548 896 3635 pretium,
920 3549 1036 3630 victor,
1060 3569 1255 3634 generosum
1279 3549 1385 3616 vende
1410 3549 1560 3619 cadaver.

579 3670 630 3726 215
665 3652 825 3719 vendatur
847 3673 908 3718 ceu
931 3651 1024 3718 vivus
1047 3651 1153 3718 adhuc
1176 3673 1238 3719 nec
1261 3675 1396 3720 munere
1419 3675 1531 3741 parvo,
1595 3728 1597 3733 ¹

666 3757 725 3824 sed
749 3757 860 3823 veniat
882 3761 1009 3822 tantum
1035 3763 1190 3844 quantum
1214 3757 1407 3844 pensabitur
1430 3758 1564 3826 Heetor.

666 3864 730 3929 hoc
752 3863 863 3950 piacet
885 3869 922 3928 ut
943 3862 1036 3928 fortis
1058 3861 1221 3928 habeatur
1243 3861 1350 3928 iudice
1372 3862 1461 3929 bello

665 3989 751 4033 mors
775 3967 918 4053 pretiosa
941 3967 1015 4032 viri:
1041 3973 1175 4032 cunctos
1198 3966 1337 4054 hortaris
1360 3968 1394 4032 ia
1418 3967 1559 4054 hostem,

651 4071 694 4140 'si
716 4093 781 4138 non
804 4072 877 4137 silis
901 4073 963 4138 erit
984 4071 1119 4138 veniens
1144 4092 1280 4138 occasus
1303 4072 1337 4136 in
1361 4073 1471 4154 armis,

579 4193 632 4251 220
667 4178 722 4264 qui
745 4198 781 4243 se
804 4176 990 4263 despiciens
1014 4175 1103 4242 cives
1127 4175 1244 4241 dilexit
1267 4181 1301 4241 et
1323 4175 1449 4244 urbem.

666 4279 871 4348 Dardanides
894 4279 1061 4367 dependat
1084 4301 1174 4367 opes,
1198 4278 1254 4346 det
1276 4300 1397 4366 magna
1419 4281 1558 4348 talenta:

376 4446 426 4499 186
451 4448 538 4499 ierunt
562 4443 652 4508 Duas,
678 4441 804 4494 dederunt
824 4439 859 4506 N,
886 4445 981 4506 gerunt
1002 4438 1137 4502 Bdhrenr,
1162 4439 1256 4491 rubent
1281 4438 1409 4506 Barabery
1512 4441 1621 4493 Achillis
1647 4441 1667 4506 (i
1690 4441 1775 4495 altera
1797 4459 1829 4495 erc
1852 4439 1878 4508 a)
1903 4442 1934 4493 N

307 4533 358 4587 188
375 4541 471 4586 tractas
489 4531 615 4598 Rosrdcry
689 4525 740 4580 193
753 4528 889 4594 vidsseqc,
907 4525 1046 4590 uidensN,
1063 4527 1152 4579 rudem
1165 4525 1292 4593 Roesdcry
1365 4525 1413 4578 194
1424 4527 1518 4581 dilecta
1530 4527 1550 4593 (i
1563 4529 1674 4592 ΜΝ
1740 4527 1791 4582 196
1803 4531 1892 4597 palens
1905 4529 1935 4579 N

307 4619 358 4674 198
375 4621 453 4674 offere
471 4619 503 4670 N
585 4614 635 4670 199
652 4632 701 4669 ceu
720 4631 824 4684 presens
843 4614 921 4666 bland
938 4609 1032 4665 moritui
1050 4613 1067 4664 l'
1086 4619 1192 4680 putatur
1209 4613 1243 4678 N,
1264 4629 1332 4665 corr.
1345 4613 1472 4666 Bdcdcler
1558 4613 1608 4668 901
1627 4617 1700 4669 uolat
1718 4615 1751 4679 N,
1769 4623 1845 4668 vocet
1868 4615 1929 4678 Leo,

271 4710 316 4776 qui
337 4709 459 4760 maritum
480 4707 508 4757 ia
525 4723 547 4758 u.
568 4707 618 4756 199
638 4703 697 4756 huic
720 4702 796 4754 verbo
813 4700 935 4766 prioritas
957 4700 1118 4767 adscriptum
1139 4701 1220 4768 fuisse
1242 4700 1348 4753 sortierit
1438 4699 1490 4753 909
1513 4718 1603 4754 amens
1625 4703 1761 4764 Br'r'chclcr,
1785 4703 1878 4755 animis
1897 4701 1929 4764 N,

272 4796 379 4849 summis
398 4795 491 4861 Peipcr
559 4788 612 4844 905
629 4791 738 4844 blandas
757 4787 785 4853 (a
802 4787 887 4841 altera
904 4805 935 4840 ec
952 4785 1013 4853 i)N
1083 4784 1135 4838 906
1153 4795 1179 4840 et
1196 4787 1231 4850 N,
1249 4787 1290 4840 vel
1309 4786 1437 4840 Br'r'cheler
1504 4785 1556 4840 907
1573 4790 1700 4858 adiunges
1718 4789 1752 4854 N,
1769 4807 1837 4842 corr.
1850 4788 1931 4840 Duira

306 4879 358 4934 908
375 4899 453 4935 canos
470 4877 607 4949 plueraN,
624 4875 787 4931 ceramina
833 4877 948 4941 ¹sedans
966 4873 1118 4942 (aeaeiN
1183 4871 1235 4926 909
1253 4875 1298 4926 tali
1317 4875 1336 4937 (i
1354 4891 1385 4926 ec
1403 4874 1451 4938 ei)
1466 4873 1497 4924 N
1560 4873 1611 4927 911
1630 4877 1721 4929 timent
1738 4878 1780 4944 (nt
1797 4875 1882 4941 sans)
1897 4875 1930 4941 N,

271 4987 339 5023 cora
352 4969 434 5020 Duha
519 4963 571 5018 919
589 4967 655 5019 haec
672 4963 808 5028 Bdchcler,
827 4964 876 5016 hoe
894 4962 925 5014 N
1009 4960 1060 5015 914
1078 4963 1131 5014 Fac
1149 4969 1249 5029 pratum
1268 4961 1299 5012 N
1374 4959 1426 5013 916
1444 4962 1540 5014 emeret
1557 4963 1702 5016 Conveniat
1772 4963 1821 5016 Sed
1839 4969 1932 5014 venem

271 5064 344 5110 tanto
370 5061 466 5122 quanto
492 5053 620 5106 Bricheler
637 5053 699 5105 olim
785 5049 838 5103 918
855 5051 923 5103 ideis
942 5049 972 5100 N
1054 5047 1106 5101 919
1124 5065 1230 5102 occasus
1248 5045 1352 5114 (ultima
1369 5065 1382 5100 s
1400 5065 1431 5100 ca
1448 5048 1486 5114 m)
1504 5048 1535 5099 N
1621 5048 1671 5102 991
1692 5050 1735 5102 det
1753 5049 1780 5114 (d
1798 5066 1830 5102 ca·
1846 5049 1931 5100 acacio

271 5161 324 5210 quo
341 5143 409 5208 ulia)
427 5141 459 5193 N

378 5313 427 5370 181
445 5311 552 5366 meaa.
567 5315 591 5378 6,
604 5315 654 5366 639
671 5307 796 5366 trahitur
813 5325 863 5379 per
880 5323 948 5364 saxa
966 5306 1087 5363 cadaver
1105 5305 1201 5372 (Droc.
1214 5304 1291 5360 VIII
1304 5307 1363 5374 196)
1452 5305 1502 5362 188
1519 5308 1622 5377 parant
1638 5321 1675 5361 ac.
1687 5321 1757 5361 secu
1827 5306 1877 5362 193
1894 5305 1930 5372 cs.

272 5417 382 5473 Horam.
395 5424 507 5486 986122.
605 5414 655 5472 198
679 5413 774 5470 caud.
790 5421 830 5482 98,
846 5421 876 5468 75
898 5431 1016 5484 puerum
1038 5410 1163 5483 gaudens
1186 5409 1283 5466 offerre
1308 5409 1398 5466 serari
1489 5411 1538 5468 901
1559 5409 1638 5466 volet
1657 5409 1713 5472 sere
1730 5409 1803 5479 qaod
1819 5408 1932 5478 trepidat

309 5519 725 5590 communicauerunt.
813 5520 864 5577 905
891 5517 1049 5582 Oetaeae,
1068 5515 1237 5586 339polliee
1257 5514 1374 5570 chordas
1392 5516 1427 5582 (ct
1442 5515 1557 5583 mosim)
1644 5512 1695 5571 908
1715 5513 1812 5567 Gerra.
1825 5520 1866 5581 69,
1880 5519 1932 5568 994

274 5629 458 5687 canitiem...
477 5625 592 5696 pulvere
611 5623 726 5679 foedans
811 5624 864 5678 914
881 5621 977 5677 veniet
994 5626 1017 5676 et
1035 5621 1087 5678 219
1106 5619 1219 5676 vdrriens
1238 5621 1273 5675 ab
1290 5621 1396 5674 ‘oenum
1413 5617 1462 5674 irc’

1623 5720 1672 5776 93*
