<?xml version="1.0" encoding="UTF-8"?>
<!DOCTYPE html PUBLIC "-//W3C//DTD XHTML 1.0 Transitional//EN"
    "http://www.w3.org/TR/xhtml1/DTD/xhtml1-transitional.dtd">
<html xmlns="http://www.w3.org/1999/xhtml" xml:lang="en" lang="en">
 <head>
  <title>
</title>
<meta http-equiv="Content-Type" content="text/html;charset=utf-8" />
  <meta name='ocr-system' content='tesseract 3.04.00' />
  <meta name='ocr-capabilities' content='ocr_page ocr_carea ocr_par ocr_line ocrx_word'/>
</head>
<body>
  <div class='ocr_page' id='page_1' title='image "./monumentagerman05unkngoog/monumentagerman05unkngoog_0208.png"; bbox 0 0 4554 6396; ppageno 0'>
   <div class='ocr_carea' id='block_1_1' title="bbox 907 381 1195 440">
    <p class='ocr_par' dir='ltr' id='par_1_1' title="bbox 907 381 1195 440">
     <span class='ocr_line' id='line_1_1' title="bbox 907 381 1195 440; baseline 0 -3"><span class='ocrx_word' id='word_1_1' title='bbox 907 381 1085 438; x_wconf 78' lang='lat' dir='ltr'>aouvcua</span> <span class='ocrx_word' id='word_1_2' title='bbox 1102 381 1137 438; x_wconf 87' lang='lat' dir='ltr'>V.</span> <span class='ocrx_word' id='word_1_3' title='bbox 1155 383 1195 440; x_wconf 81' lang='lat' dir='ltr'>VI</span> 
     </span>
    </p>
   </div>
   <div class='ocr_carea' id='block_1_2' title="bbox 544 557 1591 4494">
    <p class='ocr_par' dir='ltr' id='par_1_2' title="bbox 619 557 1456 855">
     <span class='ocr_line' id='line_1_2' title="bbox 622 557 1408 640; baseline 0.004 -18"><span class='ocrx_word' id='word_1_4' title='bbox 622 557 771 622; x_wconf 84' lang='lat' dir='ltr'>atriolis</span> <span class='ocrx_word' id='word_1_5' title='bbox 794 561 907 622; x_wconf 88' lang='lat' dir='ltr'>ornate</span> <span class='ocrx_word' id='word_1_6' title='bbox 931 578 1050 640; x_wconf 87' lang='lat' dir='ltr'>eomas,</span> <span class='ocrx_word' id='word_1_7' title='bbox 1073 559 1152 625; x_wconf 88' lang='lat' dir='ltr'>dent</span> <span class='ocrx_word' id='word_1_8' title='bbox 1174 558 1250 625; x_wconf 90' lang='lat' dir='ltr'>alba</span> <span class='ocrx_word' id='word_1_9' title='bbox 1272 579 1408 626; x_wconf 82' lang='lat' dir='ltr'>coronas</span> 
     </span>
     <span class='ocr_line' id='line_1_3' title="bbox 620 661 1456 752; baseline 0.005 -26"><span class='ocrx_word' id='word_1_10' title='bbox 620 661 689 727; x_wconf 88' lang='lat' dir='ltr'>lilia</span> <span class='ocrx_word' id='word_1_11' title='bbox 710 661 813 726; x_wconf 80' lang='lat' dir='ltr'>mixta</span> <span class='ocrx_word' id='word_1_12' title='bbox 835 663 932 728; x_wconf 84' lang='lat' dir='ltr'>rosis:</span> <span class='ocrx_word' id='word_1_13' title='bbox 957 663 1077 728; x_wconf 90' lang='lat' dir='ltr'>candor</span> <span class='ocrx_word' id='word_1_14' title='bbox 1097 663 1267 751; x_wconf 88' lang='lat' dir='ltr'>pallorque</span> <span class='ocrx_word' id='word_1_15' title='bbox 1291 664 1456 752; x_wconf 82' lang='lat' dir='ltr'>ruborque</span> 
     </span>
     <span class='ocr_line' id='line_1_4' title="bbox 619 763 1405 855; baseline 0.006 -26"><span class='ocrx_word' id='word_1_16' title='bbox 619 763 762 830; x_wconf 77' lang='lat' dir='ltr'><strong>crinibus</strong></span> <span class='ocrx_word' id='word_1_17' title='bbox 785 765 907 831; x_wconf 85' lang='lat' dir='ltr'>insidat</span> <span class='ocrx_word' id='word_1_18' title='bbox 929 767 984 852; x_wconf 93' lang='lat' dir='ltr'>qui</span> <span class='ocrx_word' id='word_1_19' title='bbox 1007 775 1120 832; x_wconf 81' lang='lat' dir='ltr'>vernat</span> <span class='ocrx_word' id='word_1_20' title='bbox 1141 766 1175 832; x_wconf 93' lang='lat' dir='ltr'>in</span> <span class='ocrx_word' id='word_1_21' title='bbox 1198 789 1253 834; x_wconf 88' lang='lat' dir='ltr'>ore</span> <span class='ocrx_word' id='word_1_22' title='bbox 1277 769 1405 855; x_wconf 79' lang='lat' dir='ltr'>puellis,</span> 
     </span>
    </p>

    <p class='ocr_par' dir='ltr' id='par_1_3' title="bbox 554 868 1485 1373">
     <span class='ocr_line' id='line_1_5' title="bbox 554 868 1429 959; baseline 0.006 -27"><span class='ocrx_word' id='word_1_23' title='bbox 554 885 587 942; x_wconf 90' lang='lat'>10</span> <span class='ocrx_word' id='word_1_24' title='bbox 621 868 756 934; x_wconf 90' lang='lat' dir='ltr'>floribus</span> <span class='ocrx_word' id='word_1_25' title='bbox 779 869 953 936; x_wconf 75' lang='lat' dir='ltr'>ambrosiis</span> <span class='ocrx_word' id='word_1_26' title='bbox 977 871 1143 957; x_wconf 77' lang='lat' dir='ltr'><strong>sponsalia</strong></span> <span class='ocrx_word' id='word_1_27' title='bbox 1166 878 1256 937; x_wconf 87' lang='lat' dir='ltr'>serta</span> <span class='ocrx_word' id='word_1_28' title='bbox 1277 873 1429 959; x_wconf 81' lang='lat' dir='ltr'>ligentur.</span> 
     </span>
     <span class='ocr_line' id='line_1_6' title="bbox 620 973 1458 1061; baseline 0.004 -24"><span class='ocrx_word' id='word_1_29' title='bbox 620 973 718 1039; x_wconf 89' lang='lat' dir='ltr'>saltet</span> <span class='ocrx_word' id='word_1_30' title='bbox 740 973 951 1061; x_wconf 80' lang='lat' dir='ltr'>Apollineum</span> <span class='ocrx_word' id='word_1_31' title='bbox 974 975 1077 1040; x_wconf 88' lang='lat' dir='ltr'>Musis</span> <span class='ocrx_word' id='word_1_32' title='bbox 1101 976 1309 1042; x_wconf 77' lang='lat' dir='ltr'>cantantibus</span> <span class='ocrx_word' id='word_1_33' title='bbox 1329 996 1458 1061; x_wconf 84' lang='lat' dir='ltr'>agmen,</span> 
     </span>
     <span class='ocr_line' id='line_1_7' title="bbox 618 1075 1437 1165; baseline 0.005 -25"><span class='ocrx_word' id='word_1_34' title='bbox 618 1075 734 1143; x_wconf 87' lang='lat' dir='ltr'>laurea</span> <span class='ocrx_word' id='word_1_35' title='bbox 756 1083 846 1143; x_wconf 87' lang='lat' dir='ltr'>serta</span> <span class='ocrx_word' id='word_1_36' title='bbox 868 1079 970 1142; x_wconf 90' lang='lat' dir='ltr'>comis</span> <span class='ocrx_word' id='word_1_37' title='bbox 994 1079 1140 1164; x_wconf 90' lang='lat' dir='ltr'>imponat</span> <span class='ocrx_word' id='word_1_38' title='bbox 1163 1077 1300 1165; x_wconf 90' lang='lat' dir='ltr'>pulchra</span> <span class='ocrx_word' id='word_1_39' title='bbox 1322 1078 1437 1160; x_wconf 88' lang='lat' dir='ltr'>Dione,</span> 
     </span>
     <span class='ocr_line' id='line_1_8' title="bbox 618 1179 1457 1269; baseline 0.005 -25"><span class='ocrx_word' id='word_1_40' title='bbox 618 1179 774 1245; x_wconf 75' lang='lat' dir='ltr'>Pallados</span> <span class='ocrx_word' id='word_1_41' title='bbox 797 1181 981 1246; x_wconf 85' lang='lat' dir='ltr'>armisonae</span> <span class='ocrx_word' id='word_1_42' title='bbox 1004 1183 1126 1247; x_wconf 89' lang='lat' dir='ltr'>crinem</span> <span class='ocrx_word' id='word_1_43' title='bbox 1149 1183 1340 1269; x_wconf 78' lang='lat' dir='ltr'>praecingat</span> <span class='ocrx_word' id='word_1_44' title='bbox 1362 1183 1457 1264; x_wconf 82' lang='lat' dir='ltr'>oliva,</span> 
     </span>
     <span class='ocr_line' id='line_1_9' title="bbox 618 1282 1485 1373; baseline 0.003 -26"><span class='ocrx_word' id='word_1_45' title='bbox 618 1304 709 1349; x_wconf 88' lang='lat' dir='ltr'>arma</span> <span class='ocrx_word' id='word_1_46' title='bbox 731 1282 818 1348; x_wconf 84' lang='lat' dir='ltr'>ierat</span> <span class='ocrx_word' id='word_1_47' title='bbox 839 1283 965 1366; x_wconf 87' lang='lat' dir='ltr'>Martis,</span> <span class='ocrx_word' id='word_1_48' title='bbox 990 1285 1106 1370; x_wconf 89' lang='lat' dir='ltr'>quibus</span> <span class='ocrx_word' id='word_1_49' title='bbox 1129 1291 1162 1349; x_wconf 88' lang='lat' dir='ltr'>et</span> <span class='ocrx_word' id='word_1_50' title='bbox 1185 1285 1358 1373; x_wconf 84' lang='lat' dir='ltr'>proludere</span> <span class='ocrx_word' id='word_1_51' title='bbox 1381 1287 1485 1352; x_wconf 89' lang='lat' dir='ltr'>nostis</span> 
     </span>
    </p>

    <p class='ocr_par' dir='ltr' id='par_1_4' title="bbox 550 1386 1555 1893">
     <span class='ocr_line' id='line_1_10' title="bbox 550 1386 1447 1476; baseline -0.004 -18"><span class='ocrx_word' id='word_1_52' title='bbox 550 1402 583 1458; x_wconf 83' lang='lat'>15</span> <span class='ocrx_word' id='word_1_53' title='bbox 619 1386 809 1472; x_wconf 81' lang='lat' dir='ltr'>cibolium,</span> <span class='ocrx_word' id='word_1_54' title='bbox 833 1389 861 1452; x_wconf 87' lang='lat' dir='ltr'>si</span> <span class='ocrx_word' id='word_1_55' title='bbox 884 1395 1014 1476; x_wconf 91' lang='lat' dir='ltr'>tempus</span> <span class='ocrx_word' id='word_1_56' title='bbox 1038 1395 1123 1474; x_wconf 86' lang='lat' dir='ltr'>eget,</span> <span class='ocrx_word' id='word_1_57' title='bbox 1147 1389 1292 1476; x_wconf 83' lang='lat' dir='ltr'>perferre</span> <span class='ocrx_word' id='word_1_58' title='bbox 1314 1390 1447 1456; x_wconf 84' lang='lat' dir='ltr'>valetis:</span> 
     </span>
     <span class='ocr_line' id='line_1_11' title="bbox 618 1492 1502 1581; baseline 0.002 -25"><span class='ocrx_word' id='word_1_59' title='bbox 618 1492 756 1558; x_wconf 88' lang='lat' dir='ltr'>interius</span> <span class='ocrx_word' id='word_1_60' title='bbox 778 1513 838 1558; x_wconf 86' lang='lat' dir='ltr'>ros</span> <span class='ocrx_word' id='word_1_61' title='bbox 862 1492 958 1558; x_wconf 85' lang='lat' dir='ltr'>Musa</span> <span class='ocrx_word' id='word_1_62' title='bbox 980 1492 1094 1558; x_wconf 89' lang='lat' dir='ltr'>Venus</span> <span class='ocrx_word' id='word_1_63' title='bbox 1117 1492 1351 1581; x_wconf 83' lang='lat' dir='ltr'>Phoebusque,</span> <span class='ocrx_word' id='word_1_64' title='bbox 1375 1492 1502 1581; x_wconf 76' lang='lat' dir='ltr'>Cupido</span> 
     </span>
     <span class='ocr_line' id='line_1_12' title="bbox 619 1595 1555 1684; baseline 0.003 -23"><span class='ocrx_word' id='word_1_65' title='bbox 619 1602 653 1661; x_wconf 90' lang='lat' dir='ltr'>et</span> <span class='ocrx_word' id='word_1_66' title='bbox 677 1595 826 1662; x_wconf 87' lang='lat' dir='ltr'>Bromius</span> <span class='ocrx_word' id='word_1_67' title='bbox 848 1596 998 1684; x_wconf 87' lang='lat' dir='ltr'>possedit</span> <span class='ocrx_word' id='word_1_68' title='bbox 1020 1597 1169 1684; x_wconf 89' lang='lat' dir='ltr'>Hymen!</span> <span class='ocrx_word' id='word_1_69' title='bbox 1194 1597 1282 1662; x_wconf 85' lang='lat' dir='ltr'>Mars</span> <span class='ocrx_word' id='word_1_70' title='bbox 1306 1598 1404 1663; x_wconf 86' lang='lat' dir='ltr'>saltat</span> <span class='ocrx_word' id='word_1_71' title='bbox 1425 1619 1555 1664; x_wconf 89' lang='lat' dir='ltr'>amores</span> 
     </span>
     <span class='ocr_line' id='line_1_13' title="bbox 618 1700 1464 1788; baseline 0.001 -22"><span class='ocrx_word' id='word_1_72' title='bbox 618 1706 652 1766; x_wconf 89' lang='lat' dir='ltr'>et</span> <span class='ocrx_word' id='word_1_73' title='bbox 674 1700 841 1767; x_wconf 87' lang='lat' dir='ltr'>Venerem</span> <span class='ocrx_word' id='word_1_74' title='bbox 866 1702 996 1788; x_wconf 87' lang='lat' dir='ltr'>placare</span> <span class='ocrx_word' id='word_1_75' title='bbox 1020 1704 1121 1788; x_wconf 89' lang='lat' dir='ltr'>cupit,</span> <span class='ocrx_word' id='word_1_76' title='bbox 1145 1701 1197 1767; x_wconf 91' lang='lat' dir='ltr'>cui</span> <span class='ocrx_word' id='word_1_77' title='bbox 1220 1701 1338 1767; x_wconf 88' lang='lat' dir='ltr'>militat</span> <span class='ocrx_word' id='word_1_78' title='bbox 1361 1703 1464 1768; x_wconf 89' lang='lat' dir='ltr'>omnis</span> 
     </span>
     <span class='ocr_line' id='line_1_14' title="bbox 619 1804 1443 1893; baseline 0 -23"><span class='ocrx_word' id='word_1_79' title='bbox 619 1804 781 1871; x_wconf 87' lang='lat' dir='ltr'>marcidus</span> <span class='ocrx_word' id='word_1_80' title='bbox 805 1812 839 1872; x_wconf 91' lang='lat' dir='ltr'>et</span> <span class='ocrx_word' id='word_1_81' title='bbox 861 1804 958 1872; x_wconf 89' lang='lat' dir='ltr'>nudis</span> <span class='ocrx_word' id='word_1_82' title='bbox 981 1805 1064 1870; x_wconf 92' lang='lat' dir='ltr'>ludit</span> <span class='ocrx_word' id='word_1_83' title='bbox 1085 1811 1162 1893; x_wconf 90' lang='lat' dir='ltr'>post</span> <span class='ocrx_word' id='word_1_84' title='bbox 1184 1827 1274 1871; x_wconf 89' lang='lat' dir='ltr'>arma</span> <span class='ocrx_word' id='word_1_85' title='bbox 1296 1806 1428 1872; x_wconf 87' lang='lat' dir='ltr'>lacertis</span> <span class='ocrx_word' id='word_1_86' title='bbox 1435 1831 1443 1884; x_wconf 91' lang='grc'><strong>;</strong></span> 
     </span>
    </p>

    <p class='ocr_par' dir='ltr' id='par_1_5' title="bbox 550 1907 1591 2412">
     <span class='ocr_line' id='line_1_15' title="bbox 550 1907 1591 1998; baseline 0 -24"><span class='ocrx_word' id='word_1_87' title='bbox 550 1923 586 1981; x_wconf 78' lang='grc'>11)</span> <span class='ocrx_word' id='word_1_88' title='bbox 621 1929 660 1974; x_wconf 86' lang='lat' dir='ltr'>ac</span> <span class='ocrx_word' id='word_1_89' title='bbox 681 1907 877 1975; x_wconf 81' lang='lat' dir='ltr'>furibundus</span> <span class='ocrx_word' id='word_1_90' title='bbox 900 1909 1002 1974; x_wconf 85' lang='lat' dir='ltr'>Amor</span> <span class='ocrx_word' id='word_1_91' title='bbox 1023 1907 1164 1976; x_wconf 87' lang='lat' dir='ltr'>Veneris</span> <span class='ocrx_word' id='word_1_92' title='bbox 1186 1931 1245 1996; x_wconf 86' lang='lat' dir='ltr'>per</span> <span class='ocrx_word' id='word_1_93' title='bbox 1269 1916 1376 1976; x_wconf 86' lang='lat' dir='ltr'>castra</span> <span class='ocrx_word' id='word_1_94' title='bbox 1398 1909 1591 1998; x_wconf 85' lang='lat' dir='ltr'>triumphat:</span> 
     </span>
     <span class='ocr_line' id='line_1_16' title="bbox 618 2012 1370 2099; baseline 0.005 -22"><span class='ocrx_word' id='word_1_95' title='bbox 618 2013 651 2077; x_wconf 91' lang='lat' dir='ltr'>in</span> <span class='ocrx_word' id='word_1_96' title='bbox 674 2012 830 2099; x_wconf 87' lang='lat' dir='ltr'>praedam</span> <span class='ocrx_word' id='word_1_97' title='bbox 854 2033 975 2079; x_wconf 84' lang='lat' dir='ltr'>venere</span> <span class='ocrx_word' id='word_1_98' title='bbox 999 2013 1052 2080; x_wconf 92' lang='lat' dir='ltr'>dei</span> <span class='ocrx_word' id='word_1_99' title='bbox 1075 2014 1228 2080; x_wconf 82' lang='lat' dir='ltr'>vincente</span> <span class='ocrx_word' id='word_1_100' title='bbox 1251 2013 1370 2082; x_wconf 91' lang='lat' dir='ltr'>Dione.</span> 
     </span>
     <span class='ocr_line' id='line_1_17' title="bbox 620 2116 1474 2205; baseline 0.001 -23"><span class='ocrx_word' id='word_1_101' title='bbox 620 2137 710 2202; x_wconf 88' lang='lat' dir='ltr'>ergo,</span> <span class='ocrx_word' id='word_1_102' title='bbox 733 2116 859 2200; x_wconf 88' lang='lat' dir='ltr'>Venus,</span> <span class='ocrx_word' id='word_1_103' title='bbox 882 2123 926 2201; x_wconf 91' lang='lat' dir='ltr'>te,</span> <span class='ocrx_word' id='word_1_104' title='bbox 949 2116 1056 2199; x_wconf 83' lang='lat' dir='ltr'>docta,</span> <span class='ocrx_word' id='word_1_105' title='bbox 1079 2137 1171 2199; x_wconf 84' lang='lat' dir='ltr'>roco,</span> <span class='ocrx_word' id='word_1_106' title='bbox 1194 2117 1336 2184; x_wconf 87' lang='lat' dir='ltr'>facunda</span> <span class='ocrx_word' id='word_1_107' title='bbox 1357 2119 1474 2205; x_wconf 87' lang='lat' dir='ltr'>perita,</span> 
     </span>
     <span class='ocr_line' id='line_1_18' title="bbox 618 2220 1515 2308; baseline 0 -22"><span class='ocrx_word' id='word_1_108' title='bbox 618 2241 677 2307; x_wconf 93' lang='lat' dir='ltr'>per</span> <span class='ocrx_word' id='word_1_109' title='bbox 700 2241 817 2288; x_wconf 89' lang='lat' dir='ltr'>sensus</span> <span class='ocrx_word' id='word_1_110' title='bbox 840 2227 874 2287; x_wconf 89' lang='lat' dir='ltr'>te</span> <span class='ocrx_word' id='word_1_111' title='bbox 896 2220 997 2288; x_wconf 86' lang='lat' dir='ltr'>funde</span> <span class='ocrx_word' id='word_1_112' title='bbox 1020 2241 1128 2296; x_wconf 81' lang='lat' dir='ltr'>moos3</span> <span class='ocrx_word' id='word_1_113' title='bbox 1151 2227 1208 2286; x_wconf 88' lang='lat' dir='ltr'>tua</span> <span class='ocrx_word' id='word_1_114' title='bbox 1230 2221 1351 2308; x_wconf 85' lang='lat' dir='ltr'>gaudia</span> <span class='ocrx_word' id='word_1_115' title='bbox 1372 2221 1515 2288; x_wconf 85' lang='lat' dir='ltr'>ferrent:</span> 
     </span>
     <span class='ocr_line' id='line_1_19' title="bbox 619 2325 1516 2412; baseline 0.002 -23"><span class='ocrx_word' id='word_1_116' title='bbox 619 2331 735 2412; x_wconf 89' lang='lat' dir='ltr'>sponte</span> <span class='ocrx_word' id='word_1_117' title='bbox 758 2326 870 2392; x_wconf 81' lang='lat' dir='ltr'>venire</span> <span class='ocrx_word' id='word_1_118' title='bbox 894 2325 1001 2407; x_wconf 88' lang='lat' dir='ltr'>decet,</span> <span class='ocrx_word' id='word_1_119' title='bbox 1025 2347 1090 2392; x_wconf 92' lang='lat' dir='ltr'>non</span> <span class='ocrx_word' id='word_1_120' title='bbox 1113 2332 1145 2392; x_wconf 87' lang='lat' dir='ltr'>to</span> <span class='ocrx_word' id='word_1_121' title='bbox 1168 2325 1265 2392; x_wconf 89' lang='lat' dir='ltr'>decet</span> <span class='ocrx_word' id='word_1_122' title='bbox 1286 2327 1333 2392; x_wconf 92' lang='lat' dir='ltr'>ire</span> <span class='ocrx_word' id='word_1_123' title='bbox 1357 2333 1516 2412; x_wconf 89' lang='lat' dir='ltr'>rogatam.</span> 
     </span>
    </p>

    <p class='ocr_par' dir='ltr' id='par_1_6' title="bbox 548 2428 1489 2932">
     <span class='ocr_line' id='line_1_20' title="bbox 548 2428 1445 2516; baseline -0.003 -17"><span class='ocrx_word' id='word_1_124' title='bbox 548 2443 583 2499; x_wconf 77' lang='lat'>25</span> <span class='ocrx_word' id='word_1_125' title='bbox 618 2429 782 2495; x_wconf 85' lang='lat' dir='ltr'>sufficiant</span> <span class='ocrx_word' id='word_1_126' title='bbox 805 2428 864 2496; x_wconf 91' lang='lat' dir='ltr'>tibi</span> <span class='ocrx_word' id='word_1_127' title='bbox 886 2434 974 2512; x_wconf 86' lang='lat' dir='ltr'>vota,</span> <span class='ocrx_word' id='word_1_128' title='bbox 997 2429 1111 2496; x_wconf 86' lang='lat' dir='ltr'>Venus</span> <span class='ocrx_word' id='word_1_129' title='bbox 1134 2429 1340 2516; x_wconf 87' lang='lat' dir='ltr'>(praecordia</span> <span class='ocrx_word' id='word_1_130' title='bbox 1362 2430 1445 2496; x_wconf 90' lang='lat' dir='ltr'>dura</span> 
     </span>
     <span class='ocr_line' id='line_1_21' title="bbox 618 2533 1442 2621; baseline 0.004 -24"><span class='ocrx_word' id='word_1_131' title='bbox 618 2533 727 2599; x_wconf 86' lang='lat' dir='ltr'>mollis</span> <span class='ocrx_word' id='word_1_132' title='bbox 751 2533 840 2600; x_wconf 88' lang='lat' dir='ltr'>adire</span> <span class='ocrx_word' id='word_1_133' title='bbox 864 2535 962 2616; x_wconf 89' lang='lat' dir='ltr'>soles,</span> <span class='ocrx_word' id='word_1_134' title='bbox 987 2533 1175 2600; x_wconf 87' lang='lat' dir='ltr'>nolentibus</span> <span class='ocrx_word' id='word_1_135' title='bbox 1198 2534 1246 2600; x_wconf 88' lang='lat' dir='ltr'>ire</span> <span class='ocrx_word' id='word_1_136' title='bbox 1270 2555 1330 2621; x_wconf 87' lang='lat' dir='ltr'>per</span> <span class='ocrx_word' id='word_1_137' title='bbox 1351 2541 1442 2600; x_wconf 90' lang='lat' dir='ltr'>artus</span> 
     </span>
     <span class='ocr_line' id='line_1_22' title="bbox 618 2638 1410 2723; baseline 0 -21"><span class='ocrx_word' id='word_1_138' title='bbox 618 2644 651 2702; x_wconf 90' lang='lat' dir='ltr'>et</span> <span class='ocrx_word' id='word_1_139' title='bbox 673 2644 801 2705; x_wconf 89' lang='lat' dir='ltr'>mentes</span> <span class='ocrx_word' id='word_1_140' title='bbox 824 2639 946 2704; x_wconf 88' lang='lat' dir='ltr'>intrare</span> <span class='ocrx_word' id='word_1_141' title='bbox 971 2658 1086 2703; x_wconf 91' lang='lat' dir='ltr'>senum</span> <span class='ocrx_word' id='word_1_142' title='bbox 1110 2657 1276 2723; x_wconf 83' lang='lat' dir='ltr'>venasque</span> <span class='ocrx_word' id='word_1_143' title='bbox 1299 2638 1410 2703; x_wconf 82' lang='lat' dir='ltr'>levare</span> 
     </span>
     <span class='ocr_line' id='line_1_23' title="bbox 617 2741 1436 2829; baseline 0 -23"><span class='ocrx_word' id='word_1_144' title='bbox 617 2741 748 2827; x_wconf 78' lang='lat' dir='ltr'>ignibus</span> <span class='ocrx_word' id='word_1_145' title='bbox 771 2748 806 2809; x_wconf 88' lang='lat' dir='ltr'>et</span> <span class='ocrx_word' id='word_1_146' title='bbox 827 2741 953 2829; x_wconf 89' lang='lat' dir='ltr'>gelidas</span> <span class='ocrx_word' id='word_1_147' title='bbox 976 2741 1093 2808; x_wconf 86' lang='lat' dir='ltr'>calidis</span> <span class='ocrx_word' id='word_1_148' title='bbox 1116 2762 1270 2828; x_wconf 88' lang='lat' dir='ltr'>reparare</span> <span class='ocrx_word' id='word_1_149' title='bbox 1294 2741 1436 2823; x_wconf 79' lang='lat' dir='ltr'>favillae,</span> 
     </span>
     <span class='ocr_line' id='line_1_24' title="bbox 616 2844 1489 2932; baseline 0.001 -23"><span class='ocrx_word' id='word_1_150' title='bbox 616 2851 653 2909; x_wconf 90' lang='lat' dir='ltr'>ut</span> <span class='ocrx_word' id='word_1_151' title='bbox 676 2851 850 2912; x_wconf 83' lang='lat' dir='ltr'>veteranus</span> <span class='ocrx_word' id='word_1_152' title='bbox 874 2852 961 2912; x_wconf 88' lang='lat' dir='ltr'>amet</span> <span class='ocrx_word' id='word_1_153' title='bbox 984 2846 1093 2912; x_wconf 84' lang='lat' dir='ltr'>senior</span> <span class='ocrx_word' id='word_1_154' title='bbox 1117 2866 1177 2912; x_wconf 88' lang='lat' dir='ltr'>ocu</span> <span class='ocrx_word' id='word_1_155' title='bbox 1200 2865 1306 2932; x_wconf 91' lang='lat' dir='ltr'>nuper</span> <span class='ocrx_word' id='word_1_156' title='bbox 1328 2844 1489 2932; x_wconf 89' lang='lat' dir='ltr'>adultus):</span> 
     </span>
    </p>

    <p class='ocr_par' dir='ltr' id='par_1_7' title="bbox 547 2949 1578 3452">
     <span class='ocr_line' id='line_1_25' title="bbox 547 2949 1458 3036; baseline 0 -22"><span class='ocrx_word' id='word_1_157' title='bbox 547 2965 583 3022; x_wconf 81' lang='lat' dir='ltr'>ao</span> <span class='ocrx_word' id='word_1_158' title='bbox 617 2969 683 3015; x_wconf 91' lang='lat' dir='ltr'>non</span> <span class='ocrx_word' id='word_1_159' title='bbox 707 2971 769 3036; x_wconf 90' lang='lat' dir='ltr'>ego</span> <span class='ocrx_word' id='word_1_160' title='bbox 791 2950 934 3016; x_wconf 86' lang='lat' dir='ltr'>lascivos</span> <span class='ocrx_word' id='word_1_161' title='bbox 957 2955 1034 3036; x_wconf 85' lang='lat' dir='ltr'>opto</span> <span class='ocrx_word' id='word_1_162' title='bbox 1058 2949 1138 3015; x_wconf 91' lang='lat' dir='ltr'>mihi</span> <span class='ocrx_word' id='word_1_163' title='bbox 1161 2969 1308 3015; x_wconf 86' lang='lat' dir='ltr'>crescere</span> <span class='ocrx_word' id='word_1_164' title='bbox 1332 2969 1458 3030; x_wconf 83' lang='lat' dir='ltr'>senous,</span> 
     </span>
     <span class='ocr_line' id='line_1_26' title="bbox 616 3053 1578 3142; baseline -0.001 -23"><span class='ocrx_word' id='word_1_165' title='bbox 616 3053 675 3120; x_wconf 85' lang='lat' dir='ltr'>sed</span> <span class='ocrx_word' id='word_1_166' title='bbox 698 3075 817 3142; x_wconf 88' lang='lat' dir='ltr'>precor</span> <span class='ocrx_word' id='word_1_167' title='bbox 839 3060 1017 3142; x_wconf 87' lang='lat' dir='ltr'>aspergant</span> <span class='ocrx_word' id='word_1_168' title='bbox 1040 3059 1185 3119; x_wconf 88' lang='lat' dir='ltr'>nostrum</span> <span class='ocrx_word' id='word_1_169' title='bbox 1209 3060 1266 3119; x_wconf 90' lang='lat' dir='ltr'>tua</span> <span class='ocrx_word' id='word_1_170' title='bbox 1289 3054 1432 3118; x_wconf 85' lang='lat' dir='ltr'>carmina</span> <span class='ocrx_word' id='word_1_171' title='bbox 1453 3060 1578 3140; x_wconf 86' lang='lat' dir='ltr'>pectus,</span> 
     </span>
     <span class='ocr_line' id='line_1_27' title="bbox 616 3157 1444 3244; baseline 0 -21"><span class='ocrx_word' id='word_1_172' title='bbox 616 3164 652 3223; x_wconf 92' lang='lat' dir='ltr'>ut</span> <span class='ocrx_word' id='word_1_173' title='bbox 674 3159 802 3224; x_wconf 83' lang='lat' dir='ltr'>valeam</span> <span class='ocrx_word' id='word_1_174' title='bbox 827 3165 961 3224; x_wconf 87' lang='lat' dir='ltr'>cantare</span> <span class='ocrx_word' id='word_1_175' title='bbox 984 3164 1060 3223; x_wconf 88' lang='lat' dir='ltr'>tuos</span> <span class='ocrx_word' id='word_1_176' title='bbox 1083 3163 1242 3244; x_wconf 83' lang='lat' dir='ltr'>perroto</span> <span class='ocrx_word' id='word_1_177' title='bbox 1265 3157 1444 3244; x_wconf 87' lang='lat' dir='ltr'>triumphos</span> 
     </span>
     <span class='ocr_line' id='line_1_28' title="bbox 617 3261 1399 3344; baseline 0 -18"><span class='ocrx_word' id='word_1_178' title='bbox 617 3267 651 3326; x_wconf 88' lang='lat' dir='ltr'>et</span> <span class='ocrx_word' id='word_1_179' title='bbox 673 3263 784 3328; x_wconf 86' lang='lat' dir='ltr'>mixtis</span> <span class='ocrx_word' id='word_1_180' title='bbox 809 3264 929 3329; x_wconf 86' lang='lat' dir='ltr'>saltare</span> <span class='ocrx_word' id='word_1_181' title='bbox 954 3262 1072 3344; x_wconf 89' lang='lat' dir='ltr'>choris,</span> <span class='ocrx_word' id='word_1_182' title='bbox 1095 3267 1229 3328; x_wconf 89' lang='lat' dir='ltr'>cantare</span> <span class='ocrx_word' id='word_1_183' title='bbox 1253 3261 1399 3327; x_wconf 90' lang='lat' dir='ltr'>oboreas.</span> 
     </span>
     <span class='ocr_line' id='line_1_29' title="bbox 615 3365 1471 3452; baseline 0 -22"><span class='ocrx_word' id='word_1_184' title='bbox 615 3365 747 3451; x_wconf 90' lang='lat' dir='ltr'>publica</span> <span class='ocrx_word' id='word_1_185' title='bbox 769 3366 942 3452; x_wconf 86' lang='lat' dir='ltr'>magnifice</span> <span class='ocrx_word' id='word_1_186' title='bbox 966 3386 1027 3452; x_wconf 91' lang='lat' dir='ltr'>per</span> <span class='ocrx_word' id='word_1_187' title='bbox 1049 3365 1181 3432; x_wconf 89' lang='lat' dir='ltr'>moenia</span> <span class='ocrx_word' id='word_1_188' title='bbox 1202 3371 1279 3430; x_wconf 86' lang='lat' dir='ltr'>rota</span> <span class='ocrx_word' id='word_1_189' title='bbox 1301 3371 1471 3451; x_wconf 88' lang='lat' dir='ltr'>geruntur:</span> 
     </span>
    </p>

    <p class='ocr_par' dir='ltr' id='par_1_8' title="bbox 547 3467 1585 3971">
     <span class='ocr_line' id='line_1_30' title="bbox 547 3467 1585 3556; baseline -0.006 -18"><span class='ocrx_word' id='word_1_190' title='bbox 547 3484 581 3540; x_wconf 85' lang='grc'><strong>35</strong></span> <span class='ocrx_word' id='word_1_191' title='bbox 620 3490 700 3556; x_wconf 86' lang='lat' dir='ltr'>quas</span> <span class='ocrx_word' id='word_1_192' title='bbox 723 3467 813 3535; x_wconf 89' lang='lat' dir='ltr'>dedit</span> <span class='ocrx_word' id='word_1_193' title='bbox 835 3490 902 3535; x_wconf 88' lang='lat' dir='ltr'>uua</span> <span class='ocrx_word' id='word_1_194' title='bbox 924 3468 1051 3551; x_wconf 88' lang='lat' dir='ltr'>domus,</span> <span class='ocrx_word' id='word_1_195' title='bbox 1075 3467 1190 3534; x_wconf 87' lang='lat' dir='ltr'>domus</span> <span class='ocrx_word' id='word_1_196' title='bbox 1213 3469 1336 3554; x_wconf 86' lang='lat' dir='ltr'>excipit</span> <span class='ocrx_word' id='word_1_197' title='bbox 1357 3490 1423 3534; x_wconf 87' lang='lat' dir='ltr'>una</span> <span class='ocrx_word' id='word_1_198' title='bbox 1446 3489 1585 3551; x_wconf 78' lang='lat' dir='ltr'>sorores,</span> 
     </span>
     <span class='ocr_line' id='line_1_31' title="bbox 617 3572 1543 3660; baseline -0.001 -23"><span class='ocrx_word' id='word_1_199' title='bbox 617 3592 755 3660; x_wconf 88' lang='lat' dir='ltr'>quorum</span> <span class='ocrx_word' id='word_1_200' title='bbox 777 3572 920 3638; x_wconf 90' lang='lat' dir='ltr'>umbone</span> <span class='ocrx_word' id='word_1_201' title='bbox 943 3579 1039 3659; x_wconf 86' lang='lat' dir='ltr'>tegor</span> <span class='ocrx_word' id='word_1_202' title='bbox 1060 3572 1115 3639; x_wconf 80' lang='lat' dir='ltr'>vel</span> <span class='ocrx_word' id='word_1_203' title='bbox 1138 3592 1274 3658; x_wconf 93' lang='lat' dir='ltr'>quorum</span> <span class='ocrx_word' id='word_1_204' title='bbox 1298 3591 1433 3638; x_wconf 87' lang='lat' dir='ltr'>munere</span> <span class='ocrx_word' id='word_1_205' title='bbox 1456 3572 1543 3638; x_wconf 84' lang='lat' dir='ltr'>uiro:</span> 
     </span>
     <span class='ocr_line' id='line_1_32' title="bbox 613 3675 1438 3764; baseline 0 -22"><span class='ocrx_word' id='word_1_206' title='bbox 613 3683 688 3764; x_wconf 92' lang='lat' dir='ltr'>post</span> <span class='ocrx_word' id='word_1_207' title='bbox 710 3677 817 3742; x_wconf 83' lang='lat' dir='ltr'>varios</span> <span class='ocrx_word' id='word_1_208' title='bbox 841 3698 946 3758; x_wconf 89' lang='lat' dir='ltr'>casus,</span> <span class='ocrx_word' id='word_1_209' title='bbox 970 3681 1047 3764; x_wconf 92' lang='lat' dir='ltr'>post</span> <span class='ocrx_word' id='word_1_210' title='bbox 1068 3682 1118 3742; x_wconf 90' lang='lat' dir='ltr'>tot</span> <span class='ocrx_word' id='word_1_211' title='bbox 1140 3675 1330 3742; x_wconf 89' lang='lat' dir='ltr'>discrimina</span> <span class='ocrx_word' id='word_1_212' title='bbox 1352 3677 1438 3742; x_wconf 86' lang='lat' dir='ltr'>ritae</span> 
     </span>
     <span class='ocr_line' id='line_1_33' title="bbox 614 3778 1477 3868; baseline -0.001 -21"><span class='ocrx_word' id='word_1_213' title='bbox 614 3801 792 3868; x_wconf 85' lang='lat' dir='ltr'>porrexere</span> <span class='ocrx_word' id='word_1_214' title='bbox 815 3781 903 3868; x_wconf 88' lang='lat' dir='ltr'>piam</span> <span class='ocrx_word' id='word_1_215' title='bbox 926 3780 1055 3868; x_wconf 86' lang='lat' dir='ltr'>placido</span> <span class='ocrx_word' id='word_1_216' title='bbox 1078 3801 1138 3867; x_wconf 91' lang='lat' dir='ltr'>pro</span> <span class='ocrx_word' id='word_1_217' title='bbox 1161 3780 1305 3866; x_wconf 87' lang='lat' dir='ltr'>tegmine</span> <span class='ocrx_word' id='word_1_218' title='bbox 1328 3778 1477 3846; x_wconf 83' lang='lat' dir='ltr'>dextram</span> 
     </span>
     <span class='ocr_line' id='line_1_34' title="bbox 614 3883 1433 3971; baseline -0.002 -21"><span class='ocrx_word' id='word_1_219' title='bbox 614 3891 657 3970; x_wconf 91' lang='lat' dir='ltr'>et,</span> <span class='ocrx_word' id='word_1_220' title='bbox 681 3883 766 3971; x_wconf 88' lang='lat' dir='ltr'>quod</span> <span class='ocrx_word' id='word_1_221' title='bbox 788 3885 892 3950; x_wconf 89' lang='lat' dir='ltr'>maius</span> <span class='ocrx_word' id='word_1_222' title='bbox 916 3891 997 3968; x_wconf 87' lang='lat' dir='ltr'>arat,</span> <span class='ocrx_word' id='word_1_223' title='bbox 1020 3885 1102 3950; x_wconf 88' lang='lat' dir='ltr'>laesi</span> <span class='ocrx_word' id='word_1_224' title='bbox 1125 3883 1269 3950; x_wconf 91' lang='lat' dir='ltr'>tribuere</span> <span class='ocrx_word' id='word_1_225' title='bbox 1294 3883 1433 3949; x_wconf 90' lang='lat' dir='ltr'>salutem</span> 
     </span>
    </p>

    <p class='ocr_par' dir='ltr' id='par_1_9' title="bbox 544 3986 1548 4494">
     <span class='ocr_line' id='line_1_35' title="bbox 544 3986 1462 4076; baseline -0.001 -23"><span class='ocrx_word' id='word_1_226' title='bbox 544 4005 580 4063; x_wconf 81' lang='lat'>40</span> <span class='ocrx_word' id='word_1_227' title='bbox 615 3989 842 4076; x_wconf 84' lang='lat' dir='ltr'>fortunamque</span> <span class='ocrx_word' id='word_1_228' title='bbox 865 3988 946 4054; x_wconf 90' lang='lat' dir='ltr'>mibi</span> <span class='ocrx_word' id='word_1_229' title='bbox 967 3986 1121 4054; x_wconf 89' lang='lat' dir='ltr'>reducem</span> <span class='ocrx_word' id='word_1_230' title='bbox 1146 3988 1268 4076; x_wconf 84' lang='lat' dir='ltr'>pietate</span> <span class='ocrx_word' id='word_1_231' title='bbox 1290 3992 1462 4052; x_wconf 81' lang='lat' dir='ltr'>rorarunt.</span> 
     </span>
     <span class='ocr_line' id='line_1_36' title="bbox 613 4091 1541 4181; baseline -0.002 -23"><span class='ocrx_word' id='word_1_232' title='bbox 613 4093 758 4180; x_wconf 91' lang='lat' dir='ltr'>quisquis</span> <span class='ocrx_word' id='word_1_233' title='bbox 781 4092 877 4160; x_wconf 89' lang='lat' dir='ltr'>adest</span> <span class='ocrx_word' id='word_1_234' title='bbox 899 4093 1031 4181; x_wconf 87' lang='lat' dir='ltr'>sapiens</span> <span class='ocrx_word' id='word_1_235' title='bbox 1055 4092 1271 4158; x_wconf 85' lang='lat' dir='ltr'>scholasticus</span> <span class='ocrx_word' id='word_1_236' title='bbox 1294 4096 1392 4178; x_wconf 88' lang='lat' dir='ltr'>atquc</span> <span class='ocrx_word' id='word_1_237' title='bbox 1416 4091 1541 4179; x_wconf 88' lang='lat' dir='ltr'>peritus</span> 
     </span>
     <span class='ocr_line' id='line_1_37' title="bbox 613 4197 1387 4283; baseline -0.003 -21"><span class='ocrx_word' id='word_1_238' title='bbox 613 4199 753 4264; x_wconf 88' lang='lat' dir='ltr'>accurrit</span> <span class='ocrx_word' id='word_1_239' title='bbox 775 4197 910 4264; x_wconf 88' lang='lat' dir='ltr'>laudare</span> <span class='ocrx_word' id='word_1_240' title='bbox 935 4197 1059 4280; x_wconf 86' lang='lat' dir='ltr'>rolens,</span> <span class='ocrx_word' id='word_1_241' title='bbox 1083 4202 1216 4263; x_wconf 87' lang='lat' dir='ltr'>cantare</span> <span class='ocrx_word' id='word_1_242' title='bbox 1240 4203 1387 4283; x_wconf 87' lang='lat' dir='ltr'>paratus:</span> 
     </span>
     <span class='ocr_line' id='line_1_38' title="bbox 613 4300 1467 4389; baseline -0.001 -22"><span class='ocrx_word' id='word_1_243' title='bbox 613 4308 734 4389; x_wconf 89' lang='lat' dir='ltr'>quanto</span> <span class='ocrx_word' id='word_1_244' title='bbox 759 4323 821 4389; x_wconf 90' lang='lat' dir='ltr'>ego</span> <span class='ocrx_word' id='word_1_245' title='bbox 843 4301 997 4368; x_wconf 79' lang='lat' dir='ltr'>festinem</span> <span class='ocrx_word' id='word_1_246' title='bbox 1020 4301 1135 4369; x_wconf 90' lang='lat' dir='ltr'>laudes</span> <span class='ocrx_word' id='word_1_247' title='bbox 1159 4307 1192 4368; x_wconf 90' lang='lat' dir='ltr'>et</span> <span class='ocrx_word' id='word_1_248' title='bbox 1214 4301 1360 4368; x_wconf 86' lang='lat' dir='ltr'>carmina</span> <span class='ocrx_word' id='word_1_249' title='bbox 1381 4300 1467 4366; x_wconf 88' lang='lat' dir='ltr'>ierrc</span> 
     </span>
     <span class='ocr_line' id='line_1_39' title="bbox 611 4403 1548 4494; baseline 0 -23"><span class='ocrx_word' id='word_1_250' title='bbox 611 4427 670 4493; x_wconf 92' lang='lat' dir='ltr'>pro</span> <span class='ocrx_word' id='word_1_251' title='bbox 693 4407 818 4473; x_wconf 85' lang='lat' dir='ltr'>meritis</span> <span class='ocrx_word' id='word_1_252' title='bbox 841 4407 1023 4494; x_wconf 87' lang='lat' dir='ltr'>animisque</span> <span class='ocrx_word' id='word_1_253' title='bbox 1046 4409 1172 4473; x_wconf 81' lang='lat' dir='ltr'>virum?</span> <span class='ocrx_word' id='word_1_254' title='bbox 1197 4427 1277 4493; x_wconf 91' lang='lat' dir='ltr'>puer</span> <span class='ocrx_word' id='word_1_255' title='bbox 1300 4405 1385 4472; x_wconf 87' lang='lat' dir='ltr'>alme</span> <span class='ocrx_word' id='word_1_256' title='bbox 1410 4403 1548 4492; x_wconf 80' lang='lat' dir='ltr'>uuprdo,</span> 
     </span>
    </p>
   </div>
   <div class='ocr_carea' id='block_1_3' title="bbox 214 4577 1877 5256">
    <p class='ocr_par' dir='ltr' id='par_1_10' title="bbox 214 4577 1877 5256">
     <span class='ocr_line' id='line_1_40' title="bbox 318 4577 1875 4650; baseline -0.003 -16"><span class='ocrx_word' id='word_1_257' title='bbox 318 4580 353 4634; x_wconf 88' lang='grc'>13</span> <span class='ocrx_word' id='word_1_258' title='bbox 375 4583 508 4634; x_wconf 87' lang='lat' dir='ltr'>amisouae</span> <span class='ocrx_word' id='word_1_259' title='bbox 535 4579 582 4646; x_wconf 79' lang='lat' dir='ltr'>(aa</span> <span class='ocrx_word' id='word_1_260' title='bbox 606 4581 780 4650; x_wconf 80' lang='lat' dir='ltr'>aruisouasi)</span> <span class='ocrx_word' id='word_1_261' title='bbox 805 4582 903 4634; x_wconf 83' lang='lat' dir='ltr'>crimen</span> <span class='ocrx_word' id='word_1_262' title='bbox 924 4590 948 4634; x_wconf 84' lang='lat' dir='ltr'>ct</span> <span class='ocrx_word' id='word_1_263' title='bbox 965 4597 981 4624; x_wconf 89' lang='lat'>.·.</span> <span class='ocrx_word' id='word_1_264' title='bbox 1009 4589 1190 4634; x_wconf 78' lang='lat' dir='ltr'>anteversum</span> <span class='ocrx_word' id='word_1_265' title='bbox 1213 4580 1248 4645; x_wconf 89' lang='lat' dir='ltr'>N,</span> <span class='ocrx_word' id='word_1_266' title='bbox 1270 4597 1338 4632; x_wconf 81' lang='lat' dir='ltr'>corr.</span> <span class='ocrx_word' id='word_1_267' title='bbox 1351 4579 1433 4632; x_wconf 73' lang='lat' dir='ltr'>Dulca</span> <span class='ocrx_word' id='word_1_268' title='bbox 1520 4579 1553 4634; x_wconf 89' lang='grc'>16</span> <span class='ocrx_word' id='word_1_269' title='bbox 1574 4581 1725 4649; x_wconf 83' lang='lat' dir='ltr'>Cupidoque</span> <span class='ocrx_word' id='word_1_270' title='bbox 1748 4577 1875 4645; x_wconf 81' lang='lat' dir='ltr'>Rorrberp</span> 
     </span>
     <span class='ocr_line' id='line_1_41' title="bbox 249 4665 1877 4735; baseline -0.002 -16"><span class='ocrx_word' id='word_1_271' title='bbox 249 4665 284 4719; x_wconf 75' lang='lat'>22</span> <span class='ocrx_word' id='word_1_272' title='bbox 306 4667 383 4720; x_wconf 81' lang='lat' dir='ltr'>docta</span> <span class='ocrx_word' id='word_1_273' title='bbox 399 4669 466 4720; x_wconf 93' lang='lat' dir='ltr'>duco</span> <span class='ocrx_word' id='word_1_274' title='bbox 485 4666 536 4732; x_wconf 93' lang='lat' dir='ltr'>(·oo</span> <span class='ocrx_word' id='word_1_275' title='bbox 554 4683 586 4720; x_wconf 76' lang='lat' dir='ltr'>ero</span> <span class='ocrx_word' id='word_1_276' title='bbox 604 4666 673 4720; x_wconf 79' lang='lat' dir='ltr'>-col</span> <span class='ocrx_word' id='word_1_277' title='bbox 695 4666 823 4731; x_wconf 67' lang='lat' dir='ltr'>conecto)</span> <span class='ocrx_word' id='word_1_278' title='bbox 841 4667 876 4732; x_wconf 82' lang='lat' dir='ltr'>N,</span> <span class='ocrx_word' id='word_1_279' title='bbox 898 4684 965 4719; x_wconf 82' lang='lat' dir='ltr'>corr.</span> <span class='ocrx_word' id='word_1_280' title='bbox 982 4666 1111 4719; x_wconf 60' lang='lat' dir='ltr'>Bmlueler</span> <span class='ocrx_word' id='word_1_281' title='bbox 1180 4667 1294 4719; x_wconf 80' lang='lat' dir='ltr'>facunda</span> <span class='ocrx_word' id='word_1_282' title='bbox 1316 4683 1423 4734; x_wconf 78' lang='lat' dir='ltr'>perora</span> <span class='ocrx_word' id='word_1_283' title='bbox 1444 4666 1566 4720; x_wconf 74' lang='lat' dir='ltr'>Butram</span> <span class='ocrx_word' id='word_1_284' title='bbox 1652 4667 1686 4720; x_wconf 82' lang='grc'>24</span> <span class='ocrx_word' id='word_1_285' title='bbox 1704 4673 1822 4735; x_wconf 79' lang='lat' dir='ltr'>rogatum</span> <span class='ocrx_word' id='word_1_286' title='bbox 1840 4666 1877 4729; x_wconf 88' lang='lat' dir='ltr'>N,</span> 
     </span>
     <span class='ocr_line' id='line_1_42' title="bbox 214 4751 1877 4823; baseline -0.001 -16"><span class='ocrx_word' id='word_1_287' title='bbox 214 4755 432 4816; x_wconf 65' lang='lat' dir='ltr'>comitamur,</span> <span class='ocrx_word' id='word_1_288' title='bbox 458 4762 551 4823; x_wconf 82' lang='lat' dir='ltr'>rogatu</span> <span class='ocrx_word' id='word_1_289' title='bbox 575 4753 698 4806; x_wconf 70' lang='lat' dir='ltr'>uuum</span> <span class='ocrx_word' id='word_1_290' title='bbox 784 4752 817 4806; x_wconf 87' lang='grc'>31</span> <span class='ocrx_word' id='word_1_291' title='bbox 840 4761 888 4807; x_wconf 86' lang='lat' dir='ltr'>tua</span> <span class='ocrx_word' id='word_1_292' title='bbox 911 4755 1020 4806; x_wconf 77' lang='lat' dir='ltr'>numina</span> <span class='ocrx_word' id='word_1_293' title='bbox 1038 4753 1159 4806; x_wconf 71' lang='lat' dir='ltr'>Btlrrerar</span> <span class='ocrx_word' id='word_1_294' title='bbox 1245 4751 1281 4806; x_wconf 87' lang='grc'>34</span> <span class='ocrx_word' id='word_1_295' title='bbox 1305 4761 1429 4822; x_wconf 81' lang='lat' dir='ltr'>gerantur</span> <span class='ocrx_word' id='word_1_296' title='bbox 1447 4753 1483 4816; x_wconf 91' lang='lat' dir='ltr'>N,</span> <span class='ocrx_word' id='word_1_297' title='bbox 1501 4771 1568 4808; x_wconf 81' lang='lat' dir='ltr'>corr.</span> <span class='ocrx_word' id='word_1_298' title='bbox 1581 4752 1711 4818; x_wconf 76' lang='lat' dir='ltr'>Bdlrrcm,</span> <span class='ocrx_word' id='word_1_299' title='bbox 1730 4754 1765 4822; x_wconf 77' lang='lat' dir='ltr'>cf.</span> <span class='ocrx_word' id='word_1_300' title='bbox 1778 4753 1806 4804; x_wconf 84' lang='grc' dir='ltr'><em>Χ</em></span> <span class='ocrx_word' id='word_1_301' title='bbox 1823 4756 1877 4806; x_wconf 81' lang='grc'>288</span> 
     </span>
     <span class='ocr_line' id='line_1_43' title="bbox 248 4838 842 4908; baseline -0.005 -14"><span class='ocrx_word' id='word_1_302' title='bbox 248 4838 284 4894; x_wconf 86' lang='grc'><strong>39</strong></span> <span class='ocrx_word' id='word_1_303' title='bbox 301 4841 372 4894; x_wconf 83' lang='lat' dir='ltr'>laeso</span> <span class='ocrx_word' id='word_1_304' title='bbox 389 4840 512 4894; x_wconf 69' lang='lat' dir='ltr'>Balaam</span> <span class='ocrx_word' id='word_1_305' title='bbox 580 4839 616 4894; x_wconf 83' lang='grc'>43</span> <span class='ocrx_word' id='word_1_306' title='bbox 633 4856 686 4908; x_wconf 75' lang='lat' dir='ltr'>sqq.</span> <span class='ocrx_word' id='word_1_307' title='bbox 704 4840 740 4892; x_wconf 83' lang='lat' dir='ltr'>ric</span> <span class='ocrx_word' id='word_1_308' title='bbox 757 4841 785 4894; x_wconf 83' lang='lat' dir='ltr'>iu</span> <span class='ocrx_word' id='word_1_309' title='bbox 803 4840 842 4892; x_wconf 88' lang='lat' dir='ltr'>N:</span> 
     </span>
     <span class='ocr_line' id='line_1_44' title="bbox 524 4926 1503 4997; baseline 0 -15"><span class='ocrx_word' id='word_1_310' title='bbox 524 4926 559 4982; x_wconf 77' lang='lat'>42</span> <span class='ocrx_word' id='word_1_311' title='bbox 576 4929 697 4982; x_wconf 81' lang='lat' dir='ltr'>Accurrit</span> <span class='ocrx_word' id='word_1_312' title='bbox 714 4929 823 4982; x_wconf 86' lang='lat' dir='ltr'>laudare</span> <span class='ocrx_word' id='word_1_313' title='bbox 841 4929 932 4982; x_wconf 85' lang='lat' dir='ltr'>uolens</span> <span class='ocrx_word' id='word_1_314' title='bbox 950 4953 957 4968; x_wconf 94' lang='lat'><strong>·</strong></span> <span class='ocrx_word' id='word_1_315' title='bbox 975 4935 1001 4980; x_wconf 80' lang='lat' dir='ltr'>et</span> <span class='ocrx_word' id='word_1_316' title='bbox 1023 4928 1139 4980; x_wconf 82' lang='lat' dir='ltr'>carmina</span> <span class='ocrx_word' id='word_1_317' title='bbox 1162 4929 1228 4979; x_wconf 79' lang='lat' dir='ltr'>terre</span> <span class='ocrx_word' id='word_1_318' title='bbox 1246 4951 1252 4966; x_wconf 90' lang='lat'>·</span> <span class='ocrx_word' id='word_1_319' title='bbox 1272 4935 1379 4982; x_wconf 72' lang='lat' dir='ltr'>mutare</span> <span class='ocrx_word' id='word_1_320' title='bbox 1398 4935 1503 4997; x_wconf 78' lang='lat' dir='ltr'>paratus</span> 
     </span>
     <span class='ocr_line' id='line_1_45' title="bbox 524 4999 1681 5084; baseline 0.001 -17"><span class='ocrx_word' id='word_1_321' title='bbox 524 5013 559 5067; x_wconf 81' lang='grc'>43</span> <span class='ocrx_word' id='word_1_322' title='bbox 576 5017 627 5068; x_wconf 71' lang='grc' dir='ltr'>Ριο</span> <span class='ocrx_word' id='word_1_323' title='bbox 645 5016 743 5068; x_wconf 68' lang='lat' dir='ltr'>meno·</span> <span class='ocrx_word' id='word_1_324' title='bbox 761 5017 881 5084; x_wconf 67' lang='lat' dir='ltr'>urmurss</span> <span class='ocrx_word' id='word_1_325' title='bbox 899 4999 1311 5082; x_wconf 59' lang='lat' dir='ltr'>urrici&#39;2&#39;·&#39;&#39;oiiiii&#39;&#39;8fifi&#39;&#39;iurrno</span> <span class='ocrx_word' id='word_1_326' title='bbox 1329 5015 1420 5068; x_wconf 68' lang='lat' dir='ltr'>rauca</span> <span class='ocrx_word' id='word_1_327' title='bbox 1438 5022 1464 5068; x_wconf 75' lang='lat' dir='ltr'>a</span> <span class='ocrx_word' id='word_1_328' title='bbox 1481 5016 1597 5068; x_wconf 68' lang='lat' dir='ltr'>urmrna</span> <span class='ocrx_word' id='word_1_329' title='bbox 1614 5017 1681 5069; x_wconf 72' lang='lat' dir='ltr'>um</span> 
     </span>
     <span class='ocr_line' id='line_1_46' title="bbox 523 5099 1272 5170; baseline 0.001 -17"><span class='ocrx_word' id='word_1_330' title='bbox 523 5099 558 5154; x_wconf 92' lang='grc'>44</span> <span class='ocrx_word' id='word_1_331' title='bbox 577 5103 628 5154; x_wconf 90' lang='lat' dir='ltr'>Pro</span> <span class='ocrx_word' id='word_1_332' title='bbox 646 5105 744 5155; x_wconf 86' lang='lat' dir='ltr'>meritis</span> <span class='ocrx_word' id='word_1_333' title='bbox 761 5104 882 5170; x_wconf 69' lang='lat' dir='ltr'>animisqp</span> <span class='ocrx_word' id='word_1_334' title='bbox 900 5105 987 5154; x_wconf 86' lang='lat' dir='ltr'>uirum</span> <span class='ocrx_word' id='word_1_335' title='bbox 1005 5120 1070 5170; x_wconf 88' lang='lat' dir='ltr'>puer</span> <span class='ocrx_word' id='word_1_336' title='bbox 1087 5103 1154 5154; x_wconf 78' lang='lat' dir='ltr'>alme</span> <span class='ocrx_word' id='word_1_337' title='bbox 1172 5103 1272 5169; x_wconf 85' lang='lat' dir='ltr'>Cupido</span> 
     </span>
     <span class='ocr_line' id='line_1_47' title="bbox 215 5185 1306 5256; baseline 0.002 -17"><span class='ocrx_word' id='word_1_338' title='bbox 215 5185 244 5240; x_wconf 80' lang='lat' dir='ltr'>iu</span> <span class='ocrx_word' id='word_1_339' title='bbox 261 5185 296 5240; x_wconf 88' lang='grc'>43</span> <span class='ocrx_word' id='word_1_340' title='bbox 312 5187 391 5241; x_wconf 80' lang='lat' dir='ltr'>verbo</span> <span class='ocrx_word' id='word_1_341' title='bbox 408 5192 458 5242; x_wconf 90' lang='lat' dir='ltr'>Pro</span> <span class='ocrx_word' id='word_1_342' title='bbox 476 5217 509 5228; x_wconf 90' lang='lat'>-</span> <span class='ocrx_word' id='word_1_343' title='bbox 528 5192 614 5244; x_wconf 87' lang='lat' dir='ltr'>uirum</span> <span class='ocrx_word' id='word_1_344' title='bbox 633 5192 773 5244; x_wconf 77' lang='lat' dir='ltr'>rcmierooo</span> <span class='ocrx_word' id='word_1_345' title='bbox 859 5189 893 5243; x_wconf 89' lang='grc'>43</span> <span class='ocrx_word' id='word_1_346' title='bbox 912 5193 1015 5256; x_wconf 80' lang='lat' dir='ltr'>Quanto</span> <span class='ocrx_word' id='word_1_347' title='bbox 1032 5189 1069 5254; x_wconf 87' lang='lat' dir='ltr'>N,</span> <span class='ocrx_word' id='word_1_348' title='bbox 1086 5191 1156 5255; x_wconf 84' lang='lat' dir='ltr'>Quin</span> <span class='ocrx_word' id='word_1_349' title='bbox 1177 5189 1306 5241; x_wconf 74' lang='lat' dir='ltr'>Bdcbeler</span> 
     </span>
    </p>
   </div>
   <div class='ocr_carea' id='block_1_4' title="bbox 212 5340 1874 5808">
    <p class='ocr_par' dir='ltr' id='par_1_11' title="bbox 213 5340 1874 5604">
     <span class='ocr_line' id='line_1_48' title="bbox 318 5340 1874 5413; baseline 0 -17"><span class='ocrx_word' id='word_1_350' title='bbox 318 5342 351 5398; x_wconf 89' lang='grc'>13</span> <span class='ocrx_word' id='word_1_351' title='bbox 375 5341 452 5412; x_wconf 81' lang='lat' dir='ltr'>Verp.</span> <span class='ocrx_word' id='word_1_352' title='bbox 465 5343 535 5398; x_wconf 71' lang='lat' dir='ltr'>Aca.</span> <span class='ocrx_word' id='word_1_353' title='bbox 548 5349 572 5413; x_wconf 84' lang='lat'>3,</span> <span class='ocrx_word' id='word_1_354' title='bbox 587 5353 640 5400; x_wconf 76' lang='grc'>544</span> <span class='ocrx_word' id='word_1_355' title='bbox 657 5344 783 5399; x_wconf 85' lang='lat' dir='ltr'>Palladis</span> <span class='ocrx_word' id='word_1_356' title='bbox 801 5343 958 5400; x_wconf 85' lang='lat' dir='ltr'>armisonae</span> <span class='ocrx_word' id='word_1_357' title='bbox 1046 5345 1079 5398; x_wconf 91' lang='grc'>14</span> <span class='ocrx_word' id='word_1_358' title='bbox 1097 5343 1170 5399; x_wconf 81' lang='lat' dir='ltr'>ierat</span> <span class='ocrx_word' id='word_1_359' title='bbox 1187 5343 1240 5397; x_wconf 83' lang='lat' dir='ltr'>scil.</span> <span class='ocrx_word' id='word_1_360' title='bbox 1259 5341 1343 5396; x_wconf 71' lang='lat' dir='ltr'>ciuis</span> <span class='ocrx_word' id='word_1_361' title='bbox 1431 5343 1463 5399; x_wconf 87' lang='lat'>18</span> <span class='ocrx_word' id='word_1_362' title='bbox 1483 5341 1636 5410; x_wconf 70' lang='grc'><strong>01411314,</strong></span> <span class='ocrx_word' id='word_1_363' title='bbox 1652 5349 1684 5398; x_wconf 80' lang='grc'>61</span> <span class='ocrx_word' id='word_1_364' title='bbox 1702 5341 1748 5397; x_wconf 89' lang='lat' dir='ltr'>cui</span> <span class='ocrx_word' id='word_1_365' title='bbox 1765 5340 1874 5398; x_wconf 88' lang='lat' dir='ltr'>militat</span> 
     </span>
     <span class='ocr_line' id='line_1_49' title="bbox 214 5437 1872 5508; baseline 0 -16"><span class='ocrx_word' id='word_1_366' title='bbox 214 5437 303 5492; x_wconf 89' lang='lat' dir='ltr'>omnir</span> <span class='ocrx_word' id='word_1_367' title='bbox 322 5438 326 5508; x_wconf 85' lang='grc' dir='ltr'>Ι</span> <span class='ocrx_word' id='word_1_368' title='bbox 346 5437 441 5494; x_wconf 81' lang='lat' dir='ltr'>Galba</span> <span class='ocrx_word' id='word_1_369' title='bbox 458 5444 482 5494; x_wconf 75' lang='lat' dir='ltr'>et</span> <span class='ocrx_word' id='word_1_370' title='bbox 498 5457 521 5494; x_wconf 88' lang='lat' dir='ltr'>o.</span> <span class='ocrx_word' id='word_1_371' title='bbox 539 5439 595 5494; x_wconf 79' lang='lat' dir='ltr'>iad.</span> <span class='ocrx_word' id='word_1_372' title='bbox 610 5439 659 5494; x_wconf 84' lang='lat' dir='ltr'>sub</span> <span class='ocrx_word' id='word_1_373' title='bbox 675 5439 770 5496; x_wconf 89' lang='lat' dir='ltr'>milito</span> <span class='ocrx_word' id='word_1_374' title='bbox 857 5440 892 5496; x_wconf 83' lang='lat'>24</span> <span class='ocrx_word' id='word_1_375' title='bbox 910 5440 946 5506; x_wconf 73' lang='lat' dir='ltr'>cf.</span> <span class='ocrx_word' id='word_1_376' title='bbox 961 5439 992 5494; x_wconf 89' lang='lat' dir='ltr'>X</span> <span class='ocrx_word' id='word_1_377' title='bbox 1005 5445 1039 5494; x_wconf 80' lang='grc'>17</span> <span class='ocrx_word' id='word_1_378' title='bbox 1123 5439 1157 5494; x_wconf 83' lang='grc'><strong>32</strong></span> <span class='ocrx_word' id='word_1_379' title='bbox 1177 5447 1198 5505; x_wconf 88' lang='grc'>1,</span> <span class='ocrx_word' id='word_1_380' title='bbox 1214 5444 1260 5492; x_wconf 80' lang='grc'>149</span> <span class='ocrx_word' id='word_1_381' title='bbox 1281 5453 1343 5492; x_wconf 80' lang='lat' dir='ltr'>curo</span> <span class='ocrx_word' id='word_1_382' title='bbox 1359 5442 1424 5492; x_wconf 81' lang='lat' dir='ltr'>noto</span> <span class='ocrx_word' id='word_1_383' title='bbox 1511 5439 1546 5494; x_wconf 94' lang='grc'>33</span> <span class='ocrx_word' id='word_1_384' title='bbox 1569 5439 1666 5495; x_wconf 81' lang='lat' dir='ltr'>mixtis</span> <span class='ocrx_word' id='word_1_385' title='bbox 1682 5440 1717 5506; x_wconf 82' lang='lat' dir='ltr'>os.</span> <span class='ocrx_word' id='word_1_386' title='bbox 1729 5437 1872 5508; x_wconf 66' lang='lat' dir='ltr'>Vopbac.</span> 
     </span>
     <span class='ocr_line' id='line_1_50' title="bbox 213 5532 1873 5604; baseline -0.001 -16"><span class='ocrx_word' id='word_1_387' title='bbox 213 5540 297 5599; x_wconf 77' lang='grc' dir='ltr'><strong>10,3ῠ</strong></span> <span class='ocrx_word' id='word_1_388' title='bbox 382 5533 417 5590; x_wconf 88' lang='grc'><strong>35</strong></span> <span class='ocrx_word' id='word_1_389' title='bbox 440 5533 570 5603; x_wconf 71' lang='lat' dir='ltr'>caepio.</span> <span class='ocrx_word' id='word_1_390' title='bbox 589 5541 681 5604; x_wconf 85' lang='grc'><strong>4,143</strong></span> <span class='ocrx_word' id='word_1_391' title='bbox 702 5539 735 5590; x_wconf 90' lang='lat' dir='ltr'>ut</span> <span class='ocrx_word' id='word_1_392' title='bbox 763 5534 856 5592; x_wconf 87' lang='lat' dir='ltr'>tenuit</span> <span class='ocrx_word' id='word_1_393' title='bbox 880 5535 978 5591; x_wconf 83' lang='lat' dir='ltr'>domus</span> <span class='ocrx_word' id='word_1_394' title='bbox 1003 5551 1059 5589; x_wconf 91' lang='lat' dir='ltr'>una</span> <span class='ocrx_word' id='word_1_395' title='bbox 1082 5534 1158 5600; x_wconf 86' lang='lat' dir='ltr'>duos,</span> <span class='ocrx_word' id='word_1_396' title='bbox 1181 5533 1279 5588; x_wconf 90' lang='lat' dir='ltr'>domus</span> <span class='ocrx_word' id='word_1_397' title='bbox 1302 5550 1358 5588; x_wconf 88' lang='lat' dir='ltr'>una</span> <span class='ocrx_word' id='word_1_398' title='bbox 1381 5532 1491 5590; x_wconf 88' lang='lat' dir='ltr'>tenebit</span> <span class='ocrx_word' id='word_1_399' title='bbox 1515 5534 1873 5603; x_wconf 60' lang='grc'><strong>(111111124013481)</strong></span> 
     </span>
    </p>

    <p class='ocr_par' dir='ltr' id='par_1_12' title="bbox 212 5627 1873 5808">
     <span class='ocr_line' id='line_1_51' title="bbox 247 5627 1873 5702; baseline 0.001 -20"><span class='ocrx_word' id='word_1_400' title='bbox 247 5627 281 5683; x_wconf 79' lang='grc'><strong>37</strong></span> <span class='ocrx_word' id='word_1_401' title='bbox 305 5627 378 5698; x_wconf 77' lang='lat' dir='ltr'>Very.</span> <span class='ocrx_word' id='word_1_402' title='bbox 391 5630 461 5683; x_wconf 74' lang='lat' dir='ltr'>Acar.</span> <span class='ocrx_word' id='word_1_403' title='bbox 474 5638 496 5698; x_wconf 86' lang='lat'>1,</span> <span class='ocrx_word' id='word_1_404' title='bbox 510 5637 563 5684; x_wconf 78' lang='grc'>104</span> <span class='ocrx_word' id='word_1_405' title='bbox 587 5647 636 5702; x_wconf 87' lang='lat' dir='ltr'>per</span> <span class='ocrx_word' id='word_1_406' title='bbox 654 5630 745 5685; x_wconf 84' lang='lat' dir='ltr'>varior</span> <span class='ocrx_word' id='word_1_407' title='bbox 764 5648 852 5697; x_wconf 70' lang='lat' dir='ltr'>casua</span> <span class='ocrx_word' id='word_1_408' title='bbox 876 5647 926 5701; x_wconf 86' lang='lat' dir='ltr'>per</span> <span class='ocrx_word' id='word_1_409' title='bbox 943 5633 988 5686; x_wconf 90' lang='lat' dir='ltr'>tot</span> <span class='ocrx_word' id='word_1_410' title='bbox 1007 5629 1170 5685; x_wconf 86' lang='lat' dir='ltr'>discrimina</span> <span class='ocrx_word' id='word_1_411' title='bbox 1187 5629 1265 5686; x_wconf 84' lang='lat' dir='ltr'>ritae</span> <span class='ocrx_word' id='word_1_412' title='bbox 1333 5629 1369 5686; x_wconf 86' lang='grc'>43</span> <span class='ocrx_word' id='word_1_413' title='bbox 1391 5633 1498 5699; x_wconf 87' lang='lat' dir='ltr'>quanto</span> <span class='ocrx_word' id='word_1_414' title='bbox 1517 5646 1569 5702; x_wconf 86' lang='lat' dir='ltr'>ego</span> <span class='ocrx_word' id='word_1_415' title='bbox 1593 5629 1722 5686; x_wconf 84' lang='lat' dir='ltr'>festinem</span> <span class='ocrx_word' id='word_1_416' title='bbox 1740 5631 1759 5685; x_wconf 82' lang='lat' dir='ltr'>i.</span> <span class='ocrx_word' id='word_1_417' title='bbox 1771 5633 1873 5698; x_wconf 79' lang='lat' dir='ltr'>quanto</span> 
     </span>
     <span class='ocr_line' id='line_1_52' title="bbox 212 5714 1438 5808; baseline 0 -30"><span class='ocrx_word' id='word_1_418' title='bbox 212 5722 385 5808; x_wconf 63' lang='lat' dir='ltr'>(minutior</span> <span class='ocrx_word' id='word_1_419' title='bbox 402 5739 540 5778; x_wconf 69' lang='lat' dir='ltr'>umorum</span> <span class='ocrx_word' id='word_1_420' title='bbox 1436 5714 1438 5718; x_wconf 67' lang='grc'><strong>’</strong></span> 
     </span>
    </p>
   </div>
   <div class='ocr_carea' id='block_1_5' title="bbox 0 0 2282 6395">
    <p class='ocr_par' dir='ltr' id='par_1_13' title="bbox 0 0 2282 6395">
     <span class='ocr_line' id='line_1_53' title="bbox 0 0 2282 6395; baseline 0 0"><span class='ocrx_word' id='word_1_421' title='bbox 0 0 2282 6395; x_wconf 95' lang='lat' dir='ltr'> </span> 
     </span>
    </p>
   </div>
  </div>
 </body>
</html>
