<?xml version="1.0" encoding="UTF-8"?>
<!DOCTYPE html PUBLIC "-//W3C//DTD XHTML 1.0 Transitional//EN"
    "http://www.w3.org/TR/xhtml1/DTD/xhtml1-transitional.dtd">
<html xmlns="http://www.w3.org/1999/xhtml" xml:lang="en" lang="en">
 <head>
  <title>
</title>
<meta http-equiv="Content-Type" content="text/html;charset=utf-8" />
  <meta name='ocr-system' content='tesseract 3.04.00' />
  <meta name='ocr-capabilities' content='ocr_page ocr_carea ocr_par ocr_line ocrx_word'/>
</head>
<body>
  <div class='ocr_page' id='page_1' title='image "./monumentagerman05unkngoog/monumentagerman05unkngoog_0201.png"; bbox 0 0 4554 6396; ppageno 0'>
   <div class='ocr_carea' id='block_1_1' title="bbox 1120 388 1325 446">
    <p class='ocr_par' dir='ltr' id='par_1_1' title="bbox 1120 388 1325 446">
     <span class='ocr_line' id='line_1_1' title="bbox 1120 388 1325 446; baseline -0.005 0"><span class='ocrx_word' id='word_1_1' title='bbox 1120 388 1325 446; x_wconf 74' lang='lat' dir='ltr'>osncouun</span> 
     </span>
    </p>
   </div>
   <div class='ocr_carea' id='block_1_2' title="bbox 719 564 1800 4620">
    <p class='ocr_par' dir='ltr' id='par_1_2' title="bbox 719 564 1800 4620">
     <span class='ocr_line' id='line_1_2' title="bbox 792 564 1600 655; baseline -0.004 -21"><span class='ocrx_word' id='word_1_2' title='bbox 792 568 898 655; x_wconf 86' lang='lat' dir='ltr'>possit</span> <span class='ocrx_word' id='word_1_3' title='bbox 921 572 955 634; x_wconf 89' lang='lat' dir='ltr'>et</span> <span class='ocrx_word' id='word_1_4' title='bbox 975 567 1101 650; x_wconf 76' lang='lat' dir='ltr'><strong>infelix,</strong></span> <span class='ocrx_word' id='word_1_5' title='bbox 1124 565 1166 632; x_wconf 92' lang='lat' dir='ltr'>ad</span> <span class='ocrx_word' id='word_1_6' title='bbox 1189 566 1324 633; x_wconf 74' lang='lat' dir='ltr'>cumina</span> <span class='ocrx_word' id='word_1_7' title='bbox 1346 564 1495 632; x_wconf 88' lang='lat' dir='ltr'>oonsoius</span> <span class='ocrx_word' id='word_1_8' title='bbox 1519 570 1600 631; x_wconf 91' lang='lat' dir='ltr'>esto.</span> 
     </span>
     <span class='ocr_line' id='line_1_3' title="bbox 793 669 1586 744; baseline -0.003 -8"><span class='ocrx_word' id='word_1_9' title='bbox 793 679 830 744; x_wconf 88' lang='lat' dir='ltr'>ut</span> <span class='ocrx_word' id='word_1_10' title='bbox 852 677 987 738; x_wconf 75' lang='lat' dir='ltr'>teneant</span> <span class='ocrx_word' id='word_1_11' title='bbox 1009 671 1121 737; x_wconf 87' lang='lat' dir='ltr'>leuues</span> <span class='ocrx_word' id='word_1_12' title='bbox 1145 671 1299 738; x_wconf 88' lang='lat' dir='ltr'>obsessas</span> <span class='ocrx_word' id='word_1_13' title='bbox 1322 677 1419 737; x_wconf 85' lang='lat' dir='ltr'>noete</span> <span class='ocrx_word' id='word_1_14' title='bbox 1442 669 1586 737; x_wconf 87' lang='lat' dir='ltr'>latrones</span> 
     </span>
     <span class='ocr_line' id='line_1_4' title="bbox 792 774 1569 863; baseline -0.004 -22"><span class='ocrx_word' id='word_1_15' title='bbox 792 782 849 841; x_wconf 87' lang='lat' dir='ltr'>aut</span> <span class='ocrx_word' id='word_1_16' title='bbox 871 776 982 863; x_wconf 86' lang='lat' dir='ltr'>pelagi</span> <span class='ocrx_word' id='word_1_17' title='bbox 1004 774 1134 841; x_wconf 89' lang='lat' dir='ltr'>rabidos</span> <span class='ocrx_word' id='word_1_18' title='bbox 1156 775 1275 840; x_wconf 86' lang='lat' dir='ltr'>fluetus</span> <span class='ocrx_word' id='word_1_19' title='bbox 1298 775 1406 861; x_wconf 89' lang='lat' dir='ltr'>pirata</span> <span class='ocrx_word' id='word_1_20' title='bbox 1428 779 1569 861; x_wconf 82' lang='lat' dir='ltr'>vagetur</span> 
     </span>
     <span class='ocr_line' id='line_1_5' title="bbox 793 877 1645 966; baseline -0.005 -20"><span class='ocrx_word' id='word_1_21' title='bbox 793 901 854 946; x_wconf 89' lang='lat' dir='ltr'>neo</span> <span class='ocrx_word' id='word_1_22' title='bbox 876 881 991 946; x_wconf 90' lang='lat' dir='ltr'>timeat</span> <span class='ocrx_word' id='word_1_23' title='bbox 1013 878 1139 946; x_wconf 83' lang='lat' dir='ltr'>validas</span> <span class='ocrx_word' id='word_1_24' title='bbox 1163 877 1447 966; x_wconf 58' lang='lat' dir='ltr'>snbjtempestate</span> <span class='ocrx_word' id='word_1_25' title='bbox 1469 877 1645 966; x_wconf 87' lang='lat' dir='ltr'>proeellas,</span> 
     </span>
     <span class='ocr_line' id='line_1_6' title="bbox 726 982 1643 1071; baseline -0.009 -16"><span class='ocrx_word' id='word_1_26' title='bbox 726 1001 760 1055; x_wconf 75' lang='lat'>75</span> <span class='ocrx_word' id='word_1_27' title='bbox 797 984 920 1071; x_wconf 89' lang='lat' dir='ltr'>praeda</span> <span class='ocrx_word' id='word_1_28' title='bbox 940 983 1050 1062; x_wconf 90' lang='lat' dir='ltr'>iubet;</span> <span class='ocrx_word' id='word_1_29' title='bbox 1072 984 1224 1070; x_wconf 87' lang='lat' dir='ltr'>petulans</span> <span class='ocrx_word' id='word_1_30' title='bbox 1247 990 1285 1049; x_wconf 87' lang='lat' dir='ltr'>ut</span> <span class='ocrx_word' id='word_1_31' title='bbox 1306 985 1491 1050; x_wconf 83' lang='lat' dir='ltr'>luxurietur</span> <span class='ocrx_word' id='word_1_32' title='bbox 1513 982 1643 1049; x_wconf 76' lang='lat' dir='ltr'>adulter</span> 
     </span>
     <span class='ocr_line' id='line_1_7' title="bbox 794 1087 1573 1170; baseline 0 -18"><span class='ocrx_word' id='word_1_33' title='bbox 794 1095 828 1153; x_wconf 91' lang='lat' dir='ltr'>et</span> <span class='ocrx_word' id='word_1_34' title='bbox 850 1095 969 1155; x_wconf 90' lang='lat' dir='ltr'>traotet</span> <span class='ocrx_word' id='word_1_35' title='bbox 992 1088 1033 1154; x_wconf 85' lang='lat' dir='ltr'>de</span> <span class='ocrx_word' id='word_1_36' title='bbox 1057 1088 1150 1155; x_wconf 87' lang='lat' dir='ltr'>elada</span> <span class='ocrx_word' id='word_1_37' title='bbox 1173 1089 1245 1170; x_wconf 83' lang='lat' dir='ltr'>viri,</span> <span class='ocrx_word' id='word_1_38' title='bbox 1268 1088 1309 1154; x_wconf 93' lang='lat' dir='ltr'>de</span> <span class='ocrx_word' id='word_1_39' title='bbox 1334 1092 1439 1154; x_wconf 88' lang='lat' dir='ltr'>morte</span> <span class='ocrx_word' id='word_1_40' title='bbox 1463 1087 1573 1154; x_wconf 88' lang='lat' dir='ltr'>mariti</span> 
     </span>
     <span class='ocr_line' id='line_1_8' title="bbox 795 1189 1761 1280; baseline -0.003 -23"><span class='ocrx_word' id='word_1_41' title='bbox 795 1194 923 1278; x_wconf 87' lang='lat' dir='ltr'>(ultima</span> <span class='ocrx_word' id='word_1_42' title='bbox 946 1213 1029 1259; x_wconf 86' lang='lat' dir='ltr'>oens</span> <span class='ocrx_word' id='word_1_43' title='bbox 1051 1192 1157 1276; x_wconf 85' lang='lat' dir='ltr'>datur,</span> <span class='ocrx_word' id='word_1_44' title='bbox 1181 1213 1278 1278; x_wconf 89' lang='lat' dir='ltr'>quom</span> <span class='ocrx_word' id='word_1_45' title='bbox 1301 1197 1448 1280; x_wconf 83' lang='lat' dir='ltr'>praestat</span> <span class='ocrx_word' id='word_1_46' title='bbox 1471 1191 1621 1258; x_wconf 90' lang='lat' dir='ltr'>adultera</span> <span class='ocrx_word' id='word_1_47' title='bbox 1642 1189 1761 1256; x_wconf 87' lang='lat' dir='ltr'>ooniux</span> 
     </span>
     <span class='ocr_line' id='line_1_9' title="bbox 795 1295 1642 1384; baseline 0 -22"><span class='ocrx_word' id='word_1_48' title='bbox 795 1298 913 1383; x_wconf 84' lang='lat' dir='ltr'>poeula</span> <span class='ocrx_word' id='word_1_49' title='bbox 934 1297 1102 1364; x_wconf 81' lang='lat' dir='ltr'>mortifero</span> <span class='ocrx_word' id='word_1_50' title='bbox 1125 1317 1334 1384; x_wconf 80' lang='lat' dir='ltr'>corrumpens</span> <span class='ocrx_word' id='word_1_51' title='bbox 1356 1295 1477 1362; x_wconf 89' lang='lat' dir='ltr'>blanda</span> <span class='ocrx_word' id='word_1_52' title='bbox 1498 1316 1642 1368; x_wconf 87' lang='lat' dir='ltr'>veneno:</span> 
     </span>
     <span class='ocr_line' id='line_1_10' title="bbox 794 1400 1689 1488; baseline 0 -22"><span class='ocrx_word' id='word_1_53' title='bbox 794 1422 867 1466; x_wconf 89' lang='lat' dir='ltr'>oum</span> <span class='ocrx_word' id='word_1_54' title='bbox 889 1401 1011 1488; x_wconf 81' lang='lat' dir='ltr'>gaudet</span> <span class='ocrx_word' id='word_1_55' title='bbox 1034 1401 1182 1480; x_wconf 78' lang='lat' dir='ltr'>convivo,</span> <span class='ocrx_word' id='word_1_56' title='bbox 1205 1403 1317 1488; x_wconf 87' lang='lat' dir='ltr'>perit),</span> <span class='ocrx_word' id='word_1_57' title='bbox 1341 1423 1417 1488; x_wconf 90' lang='lat' dir='ltr'>spes</span> <span class='ocrx_word' id='word_1_58' title='bbox 1441 1401 1577 1467; x_wconf 87' lang='lat' dir='ltr'>erimina</span> <span class='ocrx_word' id='word_1_59' title='bbox 1600 1400 1689 1466; x_wconf 84' lang='lat' dir='ltr'>duait</span> 
     </span>
     <span class='ocr_line' id='line_1_11' title="bbox 727 1504 1645 1592; baseline -0.002 -20"><span class='ocrx_word' id='word_1_60' title='bbox 727 1520 763 1578; x_wconf 84' lang='lat'>80</span> <span class='ocrx_word' id='word_1_61' title='bbox 797 1504 839 1572; x_wconf 92' lang='lat' dir='ltr'>ad</span> <span class='ocrx_word' id='word_1_62' title='bbox 861 1505 999 1589; x_wconf 81' lang='lat' dir='ltr'>sueinus,</span> <span class='ocrx_word' id='word_1_63' title='bbox 1023 1527 1097 1572; x_wconf 89' lang='lat' dir='ltr'>oum</span> <span class='ocrx_word' id='word_1_64' title='bbox 1119 1505 1211 1571; x_wconf 88' lang='lat' dir='ltr'>luera</span> <span class='ocrx_word' id='word_1_65' title='bbox 1233 1511 1366 1592; x_wconf 85' lang='lat' dir='ltr'>petuut;</span> <span class='ocrx_word' id='word_1_66' title='bbox 1389 1505 1522 1592; x_wconf 89' lang='lat' dir='ltr'>impune</span> <span class='ocrx_word' id='word_1_67' title='bbox 1544 1504 1645 1571; x_wconf 88' lang='lat' dir='ltr'>libido</span> 
     </span>
     <span class='ocr_line' id='line_1_12' title="bbox 799 1608 1661 1697; baseline 0.005 -23"><span class='ocrx_word' id='word_1_68' title='bbox 799 1609 875 1674; x_wconf 91' lang='lat' dir='ltr'>dum</span> <span class='ocrx_word' id='word_1_69' title='bbox 897 1631 1034 1696; x_wconf 89' lang='lat' dir='ltr'>peooare</span> <span class='ocrx_word' id='word_1_70' title='bbox 1057 1611 1157 1697; x_wconf 85' lang='lat' dir='ltr'>eupit,</span> <span class='ocrx_word' id='word_1_71' title='bbox 1180 1609 1303 1675; x_wconf 84' lang='lat' dir='ltr'>vindex</span> <span class='ocrx_word' id='word_1_72' title='bbox 1325 1608 1518 1675; x_wconf 90' lang='lat' dir='ltr'>subduoitnr</span> <span class='ocrx_word' id='word_1_73' title='bbox 1541 1657 1661 1678; x_wconf 90' lang='grc'><strong>......</strong></span> 
     </span>
     <span class='ocr_line' id='line_1_13' title="bbox 799 1713 1718 1801; baseline 0.001 -22"><span class='ocrx_word' id='word_1_74' title='bbox 799 1735 896 1801; x_wconf 92' lang='lat' dir='ltr'>quem</span> <span class='ocrx_word' id='word_1_75' title='bbox 918 1715 1049 1801; x_wconf 86' lang='lat' dir='ltr'>perimit</span> <span class='ocrx_word' id='word_1_76' title='bbox 1071 1715 1132 1780; x_wconf 93' lang='lat' dir='ltr'>sub</span> <span class='ocrx_word' id='word_1_77' title='bbox 1155 1713 1271 1780; x_wconf 80' lang='lat' dir='ltr'>fraude</span> <span class='ocrx_word' id='word_1_78' title='bbox 1295 1734 1384 1780; x_wconf 87' lang='lat' dir='ltr'>rens:</span> <span class='ocrx_word' id='word_1_79' title='bbox 1411 1715 1592 1801; x_wconf 76' lang='lat' dir='ltr'>cuicunque</span> <span class='ocrx_word' id='word_1_80' title='bbox 1615 1713 1718 1781; x_wconf 79' lang='lat' dir='ltr'>furori</span> 
     </span>
     <span class='ocr_line' id='line_1_14' title="bbox 797 1819 1739 1906; baseline 0.004 -23"><span class='ocrx_word' id='word_1_81' title='bbox 797 1825 849 1884; x_wconf 93' lang='lat' dir='ltr'>est</span> <span class='ocrx_word' id='word_1_82' title='bbox 871 1839 992 1905; x_wconf 81' lang='lat' dir='ltr'>operae</span> <span class='ocrx_word' id='word_1_83' title='bbox 1015 1820 1167 1906; x_wconf 88' lang='lat' dir='ltr'>pretium,</span> <span class='ocrx_word' id='word_1_84' title='bbox 1197 1824 1332 1906; x_wconf 87' lang='lat' dir='ltr'>sperant</span> <span class='ocrx_word' id='word_1_85' title='bbox 1356 1840 1416 1885; x_wconf 89' lang='lat' dir='ltr'>sua</span> <span class='ocrx_word' id='word_1_86' title='bbox 1439 1821 1586 1906; x_wconf 89' lang='lat' dir='ltr'>praemia</span> <span class='ocrx_word' id='word_1_87' title='bbox 1610 1819 1739 1906; x_wconf 86' lang='lat' dir='ltr'>eulpae.</span> 
     </span>
     <span class='ocr_line' id='line_1_15' title="bbox 799 1921 1711 2011; baseline 0.004 -24"><span class='ocrx_word' id='word_1_88' title='bbox 799 1923 956 1988; x_wconf 88' lang='lat' dir='ltr'>oonioitur</span> <span class='ocrx_word' id='word_1_89' title='bbox 977 1921 1182 2011; x_wconf 79' lang='lat' dir='ltr'>‘cuicumque</span> <span class='ocrx_word' id='word_1_90' title='bbox 1204 1923 1304 1990; x_wconf 85' lang='lat' dir='ltr'>bono&#39;</span> <span class='ocrx_word' id='word_1_91' title='bbox 1327 1922 1414 2010; x_wconf 90' lang='lat' dir='ltr'>quod</span> <span class='ocrx_word' id='word_1_92' title='bbox 1437 1922 1573 1989; x_wconf 79' lang='lat' dir='ltr'>(lessius</span> <span class='ocrx_word' id='word_1_93' title='bbox 1597 1923 1711 2008; x_wconf 88' lang='lat' dir='ltr'>inquit.</span> 
     </span>
     <span class='ocr_line' id='line_1_16' title="bbox 728 2027 1681 2116; baseline -0.002 -20"><span class='ocrx_word' id='word_1_94' title='bbox 728 2043 762 2097; x_wconf 82' lang='lat'>85</span> <span class='ocrx_word' id='word_1_95' title='bbox 798 2027 936 2092; x_wconf 81' lang='lat' dir='ltr'>erimina</span> <span class='ocrx_word' id='word_1_96' title='bbox 958 2033 1154 2108; x_wconf 84' lang='lat' dir='ltr'>temnuntur,</span> <span class='ocrx_word' id='word_1_97' title='bbox 1178 2028 1338 2113; x_wconf 84' lang='lat' dir='ltr'>fortisque</span> <span class='ocrx_word' id='word_1_98' title='bbox 1363 2029 1396 2093; x_wconf 90' lang='lat' dir='ltr'>in</span> <span class='ocrx_word' id='word_1_99' title='bbox 1419 2049 1564 2116; x_wconf 90' lang='lat' dir='ltr'>paupere</span> <span class='ocrx_word' id='word_1_100' title='bbox 1589 2027 1681 2094; x_wconf 86' lang='lat' dir='ltr'>dives</span> 
     </span>
     <span class='ocr_line' id='line_1_17' title="bbox 800 2131 1731 2219; baseline 0.003 -23"><span class='ocrx_word' id='word_1_101' title='bbox 800 2131 877 2218; x_wconf 91' lang='lat' dir='ltr'>quid</span> <span class='ocrx_word' id='word_1_102' title='bbox 900 2133 993 2197; x_wconf 89' lang='lat' dir='ltr'>timet</span> <span class='ocrx_word' id='word_1_103' title='bbox 1016 2137 1073 2198; x_wconf 92' lang='lat' dir='ltr'>aut</span> <span class='ocrx_word' id='word_1_104' title='bbox 1095 2137 1196 2219; x_wconf 92' lang='lat' dir='ltr'>optet,</span> <span class='ocrx_word' id='word_1_105' title='bbox 1220 2153 1278 2198; x_wconf 82' lang='lat' dir='ltr'>vos</span> <span class='ocrx_word' id='word_1_106' title='bbox 1302 2133 1412 2197; x_wconf 89' lang='lat' dir='ltr'>saltim</span> <span class='ocrx_word' id='word_1_107' title='bbox 1435 2133 1607 2215; x_wconf 85' lang='lat' dir='ltr'>advertite,</span> <span class='ocrx_word' id='word_1_108' title='bbox 1632 2133 1731 2200; x_wconf 79' lang='lat' dir='ltr'>eires.</span> 
     </span>
     <span class='ocr_line' id='line_1_18' title="bbox 798 2236 1678 2324; baseline 0.002 -23"><span class='ocrx_word' id='word_1_109' title='bbox 798 2257 852 2302; x_wconf 86' lang='lat' dir='ltr'>res</span> <span class='ocrx_word' id='word_1_110' title='bbox 876 2242 926 2302; x_wconf 87' lang='lat' dir='ltr'>est</span> <span class='ocrx_word' id='word_1_111' title='bbox 948 2237 1038 2302; x_wconf 84' lang='lat' dir='ltr'>nulla</span> <span class='ocrx_word' id='word_1_112' title='bbox 1061 2236 1158 2320; x_wconf 91' lang='lat' dir='ltr'>domi,</span> <span class='ocrx_word' id='word_1_113' title='bbox 1181 2237 1293 2324; x_wconf 88' lang='lat' dir='ltr'>oupiat</span> <span class='ocrx_word' id='word_1_114' title='bbox 1314 2259 1411 2323; x_wconf 87' lang='lat' dir='ltr'>qnam</span> <span class='ocrx_word' id='word_1_115' title='bbox 1434 2237 1526 2304; x_wconf 83' lang='lat' dir='ltr'>dives</span> <span class='ocrx_word' id='word_1_116' title='bbox 1550 2258 1678 2322; x_wconf 83' lang='lat' dir='ltr'>avarus,</span> 
     </span>
     <span class='ocr_line' id='line_1_19' title="bbox 798 2343 1762 2431; baseline 0.002 -25"><span class='ocrx_word' id='word_1_117' title='bbox 798 2360 864 2406; x_wconf 93' lang='lat' dir='ltr'>non</span> <span class='ocrx_word' id='word_1_118' title='bbox 887 2361 1012 2423; x_wconf 86' lang='lat' dir='ltr'>aurum,</span> <span class='ocrx_word' id='word_1_119' title='bbox 1035 2363 1100 2408; x_wconf 93' lang='lat' dir='ltr'>uon</span> <span class='ocrx_word' id='word_1_120' title='bbox 1122 2361 1253 2427; x_wconf 85' lang='lat' dir='ltr'>gemma</span> <span class='ocrx_word' id='word_1_121' title='bbox 1275 2343 1409 2425; x_wconf 89' lang='lat' dir='ltr'>mioans,</span> <span class='ocrx_word' id='word_1_122' title='bbox 1431 2348 1483 2408; x_wconf 87' lang='lat' dir='ltr'>set</span> <span class='ocrx_word' id='word_1_123' title='bbox 1504 2343 1608 2431; x_wconf 90' lang='lat' dir='ltr'>turpis</span> <span class='ocrx_word' id='word_1_124' title='bbox 1632 2349 1762 2430; x_wconf 78' lang='lat' dir='ltr'>egestae</span> 
     </span>
     <span class='ocr_line' id='line_1_20' title="bbox 801 2443 1506 2513; baseline 0 -1"><span class='ocrx_word' id='word_1_125' title='bbox 801 2445 928 2512; x_wconf 83' lang='lat' dir='ltr'>obsedit</span> <span class='ocrx_word' id='word_1_126' title='bbox 949 2446 1060 2512; x_wconf 88' lang='lat' dir='ltr'>ieiuna</span> <span class='ocrx_word' id='word_1_127' title='bbox 1081 2447 1179 2513; x_wconf 85' lang='lat' dir='ltr'>fores.</span> <span class='ocrx_word' id='word_1_128' title='bbox 1223 2443 1373 2513; x_wconf 83' lang='lat' dir='ltr'>‘audaoia</span> <span class='ocrx_word' id='word_1_129' title='bbox 1394 2447 1506 2512; x_wconf 85' lang='lat' dir='ltr'>forsan</span> 
     </span>
     <span class='ocr_line' id='line_1_21' title="bbox 730 2549 1688 2639; baseline -0.002 -17"><span class='ocrx_word' id='word_1_130' title='bbox 730 2567 765 2622; x_wconf 84' lang='lat'>90</span> <span class='ocrx_word' id='word_1_131' title='bbox 801 2551 956 2639; x_wconf 87' lang='lat' dir='ltr'>pauperis</span> <span class='ocrx_word' id='word_1_132' title='bbox 979 2549 1140 2634; x_wconf 85' lang='lat' dir='ltr'>horretur,</span> <span class='ocrx_word' id='word_1_133' title='bbox 1164 2572 1206 2617; x_wconf 90' lang='lat' dir='ltr'>ne</span> <span class='ocrx_word' id='word_1_134' title='bbox 1229 2552 1314 2616; x_wconf 89' lang='lat' dir='ltr'>olam</span> <span class='ocrx_word' id='word_1_135' title='bbox 1337 2552 1532 2618; x_wconf 89' lang='lat' dir='ltr'>temerarius</span> <span class='ocrx_word' id='word_1_136' title='bbox 1556 2551 1688 2620; x_wconf 85' lang='lat' dir='ltr'>exstet’.</span> 
     </span>
     <span class='ocr_line' id='line_1_22' title="bbox 801 2655 1763 2743; baseline 0.002 -23"><span class='ocrx_word' id='word_1_137' title='bbox 801 2655 930 2742; x_wconf 90' lang='lat' dir='ltr'>quando</span> <span class='ocrx_word' id='word_1_138' title='bbox 952 2656 1055 2741; x_wconf 83' lang='lat' dir='ltr'>fugax</span> <span class='ocrx_word' id='word_1_139' title='bbox 1076 2662 1308 2743; x_wconf 88' lang='lat' dir='ltr'>praesumptus</span> <span class='ocrx_word' id='word_1_140' title='bbox 1332 2657 1394 2722; x_wconf 91' lang='lat' dir='ltr'>erit</span> <span class='ocrx_word' id='word_1_141' title='bbox 1416 2657 1469 2724; x_wconf 84' lang='lat' dir='ltr'>vel</span> <span class='ocrx_word' id='word_1_142' title='bbox 1492 2657 1609 2723; x_wconf 91' lang='lat' dir='ltr'>debilis</span> <span class='ocrx_word' id='word_1_143' title='bbox 1631 2656 1763 2724; x_wconf 76' lang='lat' dir='ltr'>audax?</span> 
     </span>
     <span class='ocr_line' id='line_1_23' title="bbox 802 2760 1600 2849; baseline 0.004 -24"><span class='ocrx_word' id='word_1_144' title='bbox 802 2780 877 2825; x_wconf 88' lang='lat' dir='ltr'>nam</span> <span class='ocrx_word' id='word_1_145' title='bbox 901 2761 929 2826; x_wconf 94' lang='lat' dir='ltr'>si</span> <span class='ocrx_word' id='word_1_146' title='bbox 950 2760 1046 2826; x_wconf 81' lang='lat' dir='ltr'>sortis</span> <span class='ocrx_word' id='word_1_147' title='bbox 1070 2767 1141 2826; x_wconf 84' lang='lat' dir='ltr'>erat</span> <span class='ocrx_word' id='word_1_148' title='bbox 1163 2780 1264 2827; x_wconf 83' lang='lat' dir='ltr'>saeva</span> <span class='ocrx_word' id='word_1_149' title='bbox 1286 2761 1416 2845; x_wconf 86' lang='lat' dir='ltr'>virtute,</span> <span class='ocrx_word' id='word_1_150' title='bbox 1440 2762 1600 2849; x_wconf 89' lang='lat' dir='ltr'>superbus</span> 
     </span>
     <span class='ocr_line' id='line_1_24' title="bbox 800 2865 1716 2952; baseline 0.005 -23"><span class='ocrx_word' id='word_1_151' title='bbox 800 2865 956 2951; x_wconf 87' lang='lat' dir='ltr'>praemia,</span> <span class='ocrx_word' id='word_1_152' title='bbox 979 2886 1044 2930; x_wconf 92' lang='lat' dir='ltr'>nou</span> <span class='ocrx_word' id='word_1_153' title='bbox 1066 2866 1196 2930; x_wconf 82' lang='lat' dir='ltr'>uoniam</span> <span class='ocrx_word' id='word_1_154' title='bbox 1218 2872 1348 2952; x_wconf 88' lang='lat' dir='ltr'>peteret</span> <span class='ocrx_word' id='word_1_155' title='bbox 1371 2866 1433 2932; x_wconf 85' lang='lat' dir='ltr'>sub</span> <span class='ocrx_word' id='word_1_156' title='bbox 1455 2867 1549 2933; x_wconf 88' lang='lat' dir='ltr'>hoste</span> <span class='ocrx_word' id='word_1_157' title='bbox 1573 2887 1716 2936; x_wconf 89' lang='lat' dir='ltr'>reorum.</span> 
     </span>
     <span class='ocr_line' id='line_1_25' title="bbox 803 2967 1645 3057; baseline 0.005 -24"><span class='ocrx_word' id='word_1_158' title='bbox 803 2969 858 3055; x_wconf 93' lang='lat' dir='ltr'>qui</span> <span class='ocrx_word' id='word_1_159' title='bbox 881 2969 960 3035; x_wconf 90' lang='lat' dir='ltr'>nihil</span> <span class='ocrx_word' id='word_1_160' title='bbox 982 2967 1124 3054; x_wconf 77' lang='lat' dir='ltr'>admisit,</span> <span class='ocrx_word' id='word_1_161' title='bbox 1146 2969 1270 3036; x_wconf 69' lang='lat' dir='ltr'>odmen</span> <span class='ocrx_word' id='word_1_162' title='bbox 1293 2969 1350 3036; x_wconf 89' lang='lat' dir='ltr'>dat</span> <span class='ocrx_word' id='word_1_163' title='bbox 1371 2991 1473 3057; x_wconf 83' lang='lat' dir='ltr'>prava</span> <span class='ocrx_word' id='word_1_164' title='bbox 1494 2972 1645 3037; x_wconf 83' lang='lat' dir='ltr'>voluntas</span> 
     </span>
     <span class='ocr_line' id='line_1_26' title="bbox 732 3072 1594 3158; baseline 0.007 -21"><span class='ocrx_word' id='word_1_165' title='bbox 732 3090 767 3145; x_wconf 83' lang='lat'>95</span> <span class='ocrx_word' id='word_1_166' title='bbox 802 3072 911 3140; x_wconf 82' lang='lat' dir='ltr'>divitie</span> <span class='ocrx_word' id='word_1_167' title='bbox 934 3075 1067 3140; x_wconf 88' lang='lat' dir='ltr'>insonti.</span> <span class='ocrx_word' id='word_1_168' title='bbox 1111 3074 1201 3140; x_wconf 82' lang='lat' dir='ltr'>furor</span> <span class='ocrx_word' id='word_1_169' title='bbox 1224 3080 1275 3140; x_wconf 94' lang='lat' dir='ltr'>est</span> <span class='ocrx_word' id='word_1_170' title='bbox 1298 3075 1440 3142; x_wconf 84' lang='lat' dir='ltr'>voluisse</span> <span class='ocrx_word' id='word_1_171' title='bbox 1462 3096 1594 3158; x_wconf 84' lang='lat' dir='ltr'>neuere,</span> 
     </span>
     <span class='ocr_line' id='line_1_27' title="bbox 801 3177 1800 3269; baseline 0.002 -27"><span class='ocrx_word' id='word_1_172' title='bbox 801 3197 861 3264; x_wconf 91' lang='lat' dir='ltr'>pro</span> <span class='ocrx_word' id='word_1_173' title='bbox 883 3177 1002 3264; x_wconf 90' lang='lat' dir='ltr'>quibus</span> <span class='ocrx_word' id='word_1_174' title='bbox 1025 3199 1116 3244; x_wconf 89' lang='lat' dir='ltr'>arma</span> <span class='ocrx_word' id='word_1_175' title='bbox 1141 3179 1225 3245; x_wconf 87' lang='lat' dir='ltr'>tulit.</span> <span class='ocrx_word' id='word_1_176' title='bbox 1263 3178 1340 3265; x_wconf 91' lang='lat' dir='ltr'>quid</span> <span class='ocrx_word' id='word_1_177' title='bbox 1362 3178 1498 3266; x_wconf 89' lang='lat' dir='ltr'>prodest</span> <span class='ocrx_word' id='word_1_178' title='bbox 1519 3181 1645 3269; x_wconf 92' lang='lat' dir='ltr'>pellere</span> <span class='ocrx_word' id='word_1_179' title='bbox 1667 3179 1800 3262; x_wconf 90' lang='lat' dir='ltr'>bellum,</span> 
     </span>
     <span class='ocr_line' id='line_1_28' title="bbox 805 3282 1728 3371; baseline 0.003 -24"><span class='ocrx_word' id='word_1_180' title='bbox 805 3282 831 3347; x_wconf 92' lang='lat' dir='ltr'>si</span> <span class='ocrx_word' id='word_1_181' title='bbox 854 3287 987 3348; x_wconf 82' lang='lat' dir='ltr'>revocat</span> <span class='ocrx_word' id='word_1_182' title='bbox 1009 3288 1085 3369; x_wconf 86' lang='lat' dir='ltr'>post</span> <span class='ocrx_word' id='word_1_183' title='bbox 1107 3283 1198 3349; x_wconf 90' lang='lat' dir='ltr'>bella</span> <span class='ocrx_word' id='word_1_184' title='bbox 1219 3289 1340 3350; x_wconf 83' lang='lat' dir='ltr'>nsoesl</span> <span class='ocrx_word' id='word_1_185' title='bbox 1385 3290 1442 3350; x_wconf 89' lang='lat' dir='ltr'>aot</span> <span class='ocrx_word' id='word_1_186' title='bbox 1463 3289 1562 3371; x_wconf 87' lang='lat' dir='ltr'>paota</span> <span class='ocrx_word' id='word_1_187' title='bbox 1584 3283 1728 3350; x_wconf 80' lang='lat' dir='ltr'>nefanda</span> 
     </span>
     <span class='ocr_line' id='line_1_29' title="bbox 804 3385 1646 3473; baseline 0.004 -23"><span class='ocrx_word' id='word_1_188' title='bbox 804 3385 954 3452; x_wconf 86' lang='lat' dir='ltr'>hostibus</span> <span class='ocrx_word' id='word_1_189' title='bbox 978 3387 1154 3453; x_wconf 87' lang='lat' dir='ltr'>obstrietus</span> <span class='ocrx_word' id='word_1_190' title='bbox 1177 3393 1296 3472; x_wconf 84' lang='lat' dir='ltr'>servat,</span> <span class='ocrx_word' id='word_1_191' title='bbox 1320 3387 1374 3473; x_wconf 93' lang='lat' dir='ltr'>qui</span> <span class='ocrx_word' id='word_1_192' title='bbox 1396 3387 1523 3454; x_wconf 84' lang='lat' dir='ltr'>oivibus</span> <span class='ocrx_word' id='word_1_193' title='bbox 1546 3388 1646 3454; x_wconf 88' lang='lat' dir='ltr'>instat</span> 
     </span>
     <span class='ocr_line' id='line_1_30' title="bbox 803 3491 1713 3579; baseline 0.002 -24"><span class='ocrx_word' id='word_1_194' title='bbox 803 3495 840 3555; x_wconf 89' lang='lat' dir='ltr'>ut</span> <span class='ocrx_word' id='word_1_195' title='bbox 862 3495 1010 3576; x_wconf 89' lang='lat' dir='ltr'>pereant,</span> <span class='ocrx_word' id='word_1_196' title='bbox 1033 3496 1090 3556; x_wconf 86' lang='lat' dir='ltr'>aut</span> <span class='ocrx_word' id='word_1_197' title='bbox 1111 3491 1184 3578; x_wconf 91' lang='lat' dir='ltr'>ipse</span> <span class='ocrx_word' id='word_1_198' title='bbox 1207 3492 1297 3578; x_wconf 87' lang='lat' dir='ltr'>eupit</span> <span class='ocrx_word' id='word_1_199' title='bbox 1319 3492 1424 3578; x_wconf 83' lang='lat' dir='ltr'>magis</span> <span class='ocrx_word' id='word_1_200' title='bbox 1448 3513 1521 3559; x_wconf 90' lang='lat' dir='ltr'>esse</span> <span class='ocrx_word' id='word_1_201' title='bbox 1544 3497 1713 3579; x_wconf 87' lang='lat' dir='ltr'>tyrannus,</span> 
     </span>
     <span class='ocr_line' id='line_1_31' title="bbox 719 3594 1588 3665; baseline -0.002 0"><span class='ocrx_word' id='word_1_202' title='bbox 719 3609 770 3665; x_wconf 82' lang='lat' dir='ltr'>loo</span> <span class='ocrx_word' id='word_1_203' title='bbox 805 3594 931 3660; x_wconf 80' lang='lat' dir='ltr'>nivibus</span> <span class='ocrx_word' id='word_1_204' title='bbox 954 3595 1107 3660; x_wconf 86' lang='lat' dir='ltr'>extinotis</span> <span class='ocrx_word' id='word_1_205' title='bbox 1132 3595 1268 3662; x_wconf 82' lang='lat' dir='ltr'>eradens</span> <span class='ocrx_word' id='word_1_206' title='bbox 1291 3617 1352 3661; x_wconf 89' lang='lat' dir='ltr'>sua</span> <span class='ocrx_word' id='word_1_207' title='bbox 1374 3601 1452 3661; x_wconf 81' lang='lat' dir='ltr'>uota</span> <span class='ocrx_word' id='word_1_208' title='bbox 1473 3597 1588 3663; x_wconf 88' lang='lat' dir='ltr'>latere.</span> 
     </span>
     <span class='ocr_line' id='line_1_32' title="bbox 805 3698 1590 3784; baseline 0.005 -22"><span class='ocrx_word' id='word_1_209' title='bbox 805 3698 834 3763; x_wconf 93' lang='lat' dir='ltr'>si</span> <span class='ocrx_word' id='word_1_210' title='bbox 856 3698 983 3784; x_wconf 81' lang='lat' dir='ltr'>iugulat</span> <span class='ocrx_word' id='word_1_211' title='bbox 1005 3699 1143 3766; x_wconf 90' lang='lat' dir='ltr'>miseros</span> <span class='ocrx_word' id='word_1_212' title='bbox 1166 3700 1290 3766; x_wconf 85' lang='lat' dir='ltr'>iniusta</span> <span class='ocrx_word' id='word_1_213' title='bbox 1310 3708 1416 3766; x_wconf 88' lang='lat' dir='ltr'>morte</span> <span class='ocrx_word' id='word_1_214' title='bbox 1439 3699 1590 3766; x_wconf 86' lang='lat' dir='ltr'>nouando</span> 
     </span>
     <span class='ocr_line' id='line_1_33' title="bbox 805 3803 1743 3891; baseline 0.001 -24"><span class='ocrx_word' id='word_1_215' title='bbox 805 3809 975 3888; x_wconf 80' lang='lat' dir='ltr'>suspectos</span> <span class='ocrx_word' id='word_1_216' title='bbox 999 3822 1211 3890; x_wconf 83' lang='lat' dir='ltr'>quoscunque</span> <span class='ocrx_word' id='word_1_217' title='bbox 1234 3809 1338 3890; x_wconf 87' lang='lat' dir='ltr'>putet,</span> <span class='ocrx_word' id='word_1_218' title='bbox 1361 3803 1442 3869; x_wconf 92' lang='lat' dir='ltr'>nihil</span> <span class='ocrx_word' id='word_1_219' title='bbox 1465 3824 1545 3891; x_wconf 79' lang='lat' dir='ltr'>ergo</span> <span class='ocrx_word' id='word_1_220' title='bbox 1568 3803 1743 3890; x_wconf 89' lang='lat' dir='ltr'>relinquet:</span> 
     </span>
     <span class='ocr_line' id='line_1_34' title="bbox 805 3907 1656 3994; baseline 0.001 -23"><span class='ocrx_word' id='word_1_221' title='bbox 805 3907 915 3972; x_wconf 86' lang='lat' dir='ltr'>omnio</span> <span class='ocrx_word' id='word_1_222' title='bbox 937 3911 1013 3972; x_wconf 88' lang='lat' dir='ltr'>suut</span> <span class='ocrx_word' id='word_1_223' title='bbox 1035 3913 1191 3994; x_wconf 79' lang='lat' dir='ltr'>suspecta</span> <span class='ocrx_word' id='word_1_224' title='bbox 1212 3928 1281 3976; x_wconf 89' lang='lat' dir='ltr'>reo.</span> <span class='ocrx_word' id='word_1_225' title='bbox 1325 3909 1375 3974; x_wconf 90' lang='lat' dir='ltr'>sin</span> <span class='ocrx_word' id='word_1_226' title='bbox 1397 3907 1543 3974; x_wconf 90' lang='lat' dir='ltr'>moribus</span> <span class='ocrx_word' id='word_1_227' title='bbox 1567 3915 1656 3974; x_wconf 86' lang='lat' dir='ltr'>esset</span> 
     </span>
     <span class='ocr_line' id='line_1_35' title="bbox 806 4011 1611 4098; baseline 0.004 -23"><span class='ocrx_word' id='word_1_228' title='bbox 806 4011 862 4076; x_wconf 90' lang='lat' dir='ltr'>ille</span> <span class='ocrx_word' id='word_1_229' title='bbox 884 4011 1000 4093; x_wconf 90' lang='lat' dir='ltr'>bonus,</span> <span class='ocrx_word' id='word_1_230' title='bbox 1024 4031 1156 4077; x_wconf 81' lang='lat' dir='ltr'>seruare</span> <span class='ocrx_word' id='word_1_231' title='bbox 1179 4013 1263 4098; x_wconf 88' lang='lat' dir='ltr'>pios,</span> <span class='ocrx_word' id='word_1_232' title='bbox 1288 4033 1421 4078; x_wconf 84' lang='lat' dir='ltr'>seruare</span> <span class='ocrx_word' id='word_1_233' title='bbox 1443 4011 1611 4078; x_wconf 89' lang='lat' dir='ltr'>modestos</span> 
     </span>
     <span class='ocr_line' id='line_1_36' title="bbox 721 4113 1696 4202; baseline -0.003 -17"><span class='ocrx_word' id='word_1_234' title='bbox 721 4129 772 4188; x_wconf 85' lang='lat'>105</span> <span class='ocrx_word' id='word_1_235' title='bbox 807 4113 968 4181; x_wconf 89' lang='lat' dir='ltr'>debuerat</span> <span class='ocrx_word' id='word_1_236' title='bbox 990 4115 1050 4180; x_wconf 90' lang='lat' dir='ltr'>sub</span> <span class='ocrx_word' id='word_1_237' title='bbox 1073 4135 1155 4202; x_wconf 86' lang='lat' dir='ltr'>pooe</span> <span class='ocrx_word' id='word_1_238' title='bbox 1178 4137 1248 4200; x_wconf 87' lang='lat' dir='ltr'>sua,</span> <span class='ocrx_word' id='word_1_239' title='bbox 1271 4137 1337 4182; x_wconf 93' lang='lat' dir='ltr'>uon</span> <span class='ocrx_word' id='word_1_240' title='bbox 1360 4115 1445 4182; x_wconf 87' lang='lat' dir='ltr'>oolla</span> <span class='ocrx_word' id='word_1_241' title='bbox 1467 4115 1696 4183; x_wconf 86' lang='lat' dir='ltr'>uelandus...</span> 
     </span>
     <span class='ocr_line' id='line_1_37' title="bbox 808 4218 1555 4302; baseline 0.003 -18"><span class='ocrx_word' id='word_1_242' title='bbox 808 4224 866 4284; x_wconf 90' lang='lat' dir='ltr'>aut</span> <span class='ocrx_word' id='word_1_243' title='bbox 887 4218 1091 4284; x_wconf 85' lang='lat' dir='ltr'>inimieorum</span> <span class='ocrx_word' id='word_1_244' title='bbox 1113 4221 1227 4285; x_wconf 89' lang='lat' dir='ltr'>mallet</span> <span class='ocrx_word' id='word_1_245' title='bbox 1248 4220 1373 4288; x_wconf 76' lang='lat' dir='ltr'>fudisse</span> <span class='ocrx_word' id='word_1_246' title='bbox 1398 4241 1555 4302; x_wconf 85' lang='lat' dir='ltr'>eruorem,</span> 
     </span>
     <span class='ocr_line' id='line_1_38' title="bbox 807 4321 1660 4410; baseline 0.011 -23"><span class='ocrx_word' id='word_1_247' title='bbox 807 4342 942 4408; x_wconf 90' lang='lat' dir='ltr'>quorum</span> <span class='ocrx_word' id='word_1_248' title='bbox 965 4321 1067 4388; x_wconf 84' lang='lat' dir='ltr'>verbo</span> <span class='ocrx_word' id='word_1_249' title='bbox 1088 4343 1212 4410; x_wconf 82' lang='lat' dir='ltr'>parens</span> <span class='ocrx_word' id='word_1_250' title='bbox 1235 4323 1328 4390; x_wconf 83' lang='lat' dir='ltr'>dives</span> <span class='ocrx_word' id='word_1_251' title='bbox 1350 4324 1489 4391; x_wconf 82' lang='lat' dir='ltr'>vixisset</span> <span class='ocrx_word' id='word_1_252' title='bbox 1510 4325 1660 4396; x_wconf 87' lang='lat' dir='ltr'>honesto.</span> 
     </span>
     <span class='ocr_line' id='line_1_39' title="bbox 808 4426 1576 4516; baseline 0.007 -25"><span class='ocrx_word' id='word_1_253' title='bbox 808 4428 854 4492; x_wconf 92' lang='lat' dir='ltr'>sio</span> <span class='ocrx_word' id='word_1_254' title='bbox 877 4426 1007 4513; x_wconf 89' lang='lat' dir='ltr'>sapiens</span> <span class='ocrx_word' id='word_1_255' title='bbox 1030 4427 1109 4493; x_wconf 89' lang='lat' dir='ltr'>olim</span> <span class='ocrx_word' id='word_1_256' title='bbox 1131 4426 1281 4494; x_wconf 87' lang='lat' dir='ltr'>Romana</span> <span class='ocrx_word' id='word_1_257' title='bbox 1303 4430 1451 4516; x_wconf 87' lang='lat' dir='ltr'>potentia</span> <span class='ocrx_word' id='word_1_258' title='bbox 1473 4429 1576 4510; x_wconf 91' lang='lat' dir='ltr'>iussit,</span> 
     </span>
     <span class='ocr_line' id='line_1_40' title="bbox 811 4531 1646 4620; baseline 0.004 -23"><span class='ocrx_word' id='word_1_259' title='bbox 811 4552 853 4598; x_wconf 90' lang='lat' dir='ltr'>ue</span> <span class='ocrx_word' id='word_1_260' title='bbox 875 4538 991 4619; x_wconf 87' lang='lat' dir='ltr'>pereat</span> <span class='ocrx_word' id='word_1_261' title='bbox 1014 4531 1178 4620; x_wconf 80' lang='lat' dir='ltr'>Carthago</span> <span class='ocrx_word' id='word_1_262' title='bbox 1200 4554 1334 4618; x_wconf 81' lang='lat' dir='ltr'>nocens,</span> <span class='ocrx_word' id='word_1_263' title='bbox 1357 4535 1491 4600; x_wconf 88' lang='lat' dir='ltr'>inimioa</span> <span class='ocrx_word' id='word_1_264' title='bbox 1513 4541 1646 4600; x_wconf 87' lang='lat' dir='ltr'>senatus</span> 
     </span>
    </p>
   </div>
   <div class='ocr_carea' id='block_1_3' title="bbox 413 4709 2071 5042">
    <p class='ocr_par' dir='ltr' id='par_1_3' title="bbox 413 4709 2070 4955">
     <span class='ocr_line' id='line_1_41' title="bbox 517 4709 2068 4780; baseline -0.003 -14"><span class='ocrx_word' id='word_1_265' title='bbox 517 4713 549 4766; x_wconf 98' lang='grc'><strong>71</strong></span> <span class='ocrx_word' id='word_1_266' title='bbox 568 4715 657 4766; x_wconf 86' lang='lat' dir='ltr'>Posset</span> <span class='ocrx_word' id='word_1_267' title='bbox 674 4712 709 4779; x_wconf 91' lang='lat' dir='ltr'>N,</span> <span class='ocrx_word' id='word_1_268' title='bbox 728 4729 795 4764; x_wconf 82' lang='lat' dir='ltr'>corr.</span> <span class='ocrx_word' id='word_1_269' title='bbox 809 4709 890 4762; x_wconf 82' lang='lat' dir='ltr'>Duho</span> <span class='ocrx_word' id='word_1_270' title='bbox 958 4727 1016 4764; x_wconf 85' lang='lat' dir='ltr'>esso</span> <span class='ocrx_word' id='word_1_271' title='bbox 1028 4710 1062 4775; x_wconf 93' lang='lat' dir='ltr'>N,</span> <span class='ocrx_word' id='word_1_272' title='bbox 1081 4711 1189 4775; x_wconf 62' lang='grc' dir='ltr'>συννοεῖ,</span> <span class='ocrx_word' id='word_1_273' title='bbox 1207 4729 1264 4766; x_wconf 84' lang='lat' dir='ltr'>esse</span> <span class='ocrx_word' id='word_1_274' title='bbox 1276 4711 1358 4764; x_wconf 74' lang='lat' dir='ltr'>Dalm</span> <span class='ocrx_word' id='word_1_275' title='bbox 1422 4720 1484 4779; x_wconf 77' lang='lat' dir='ltr'>port</span> <span class='ocrx_word' id='word_1_276' title='bbox 1502 4710 1533 4764; x_wconf 93' lang='grc'><strong>71</strong></span> <span class='ocrx_word' id='word_1_277' title='bbox 1550 4713 1666 4780; x_wconf 72' lang='lat' dir='ltr'>pronitas·</span> <span class='ocrx_word' id='word_1_278' title='bbox 1683 4712 1788 4766; x_wconf 63' lang='lat' dir='ltr'>daona</span> <span class='ocrx_word' id='word_1_279' title='bbox 1858 4710 1893 4766; x_wconf 80' lang='grc'>79</span> <span class='ocrx_word' id='word_1_280' title='bbox 1910 4711 2015 4766; x_wconf 76' lang='lat' dir='ltr'>obsessa</span> <span class='ocrx_word' id='word_1_281' title='bbox 2032 4709 2068 4779; x_wconf 98' lang='lat' dir='ltr'>N,</span> 
     </span>
     <span class='ocr_line' id='line_1_42' title="bbox 413 4794 2069 4865; baseline -0.001 -11"><span class='ocrx_word' id='word_1_282' title='bbox 413 4819 481 4854; x_wconf 82' lang='lat' dir='ltr'>eurr.</span> <span class='ocrx_word' id='word_1_283' title='bbox 494 4800 576 4852; x_wconf 80' lang='lat' dir='ltr'>Dubn</span> <span class='ocrx_word' id='word_1_284' title='bbox 662 4796 697 4852; x_wconf 87' lang='grc'>75</span> <span class='ocrx_word' id='word_1_285' title='bbox 714 4799 812 4851; x_wconf 74' lang='lat' dir='ltr'>Prosda</span> <span class='ocrx_word' id='word_1_286' title='bbox 828 4805 902 4851; x_wconf 82' lang='lat' dir='ltr'>nouat</span> <span class='ocrx_word' id='word_1_287' title='bbox 913 4794 1048 4864; x_wconf 64' lang='lat' dir='ltr'>ffluoermm</span> <span class='ocrx_word' id='word_1_288' title='bbox 1066 4798 1140 4850; x_wconf 87' lang='lat' dir='ltr'>iuuet</span> <span class='ocrx_word' id='word_1_289' title='bbox 1157 4815 1193 4851; x_wconf 81' lang='lat' dir='ltr'>aa</span> <span class='ocrx_word' id='word_1_290' title='bbox 1205 4799 1290 4858; x_wconf 85' lang='lat' dir='ltr'>uiuat)</span> <span class='ocrx_word' id='word_1_291' title='bbox 1302 4799 1337 4865; x_wconf 90' lang='lat' dir='ltr'>N,</span> <span class='ocrx_word' id='word_1_292' title='bbox 1355 4800 1464 4863; x_wconf 62' lang='grc' dir='ltr'><em>συκαῖ,</em></span> <span class='ocrx_word' id='word_1_293' title='bbox 1482 4799 1581 4853; x_wconf 81' lang='lat' dir='ltr'>Praedo</span> <span class='ocrx_word' id='word_1_294' title='bbox 1596 4800 1671 4852; x_wconf 89' lang='lat' dir='ltr'>iuuet</span> <span class='ocrx_word' id='word_1_295' title='bbox 1688 4799 1771 4851; x_wconf 67' lang='lat' dir='ltr'>Diabas</span> <span class='ocrx_word' id='word_1_296' title='bbox 1855 4797 1892 4852; x_wconf 84' lang='grc'>80</span> <span class='ocrx_word' id='word_1_297' title='bbox 1909 4801 1951 4852; x_wconf 85' lang='lat' dir='ltr'>Fit</span> <span class='ocrx_word' id='word_1_298' title='bbox 1968 4800 2069 4852; x_wconf 73' lang='lat' dir='ltr'>latinus</span> 
     </span>
     <span class='ocr_line' id='line_1_43' title="bbox 414 4884 2070 4955; baseline -0.002 -15"><span class='ocrx_word' id='word_1_299' title='bbox 414 4888 543 4942; x_wconf 69' lang='lat' dir='ltr'>Br’talteler</span> <span class='ocrx_word' id='word_1_300' title='bbox 633 4885 666 4938; x_wconf 82' lang='lat'>81</span> <span class='ocrx_word' id='word_1_301' title='bbox 688 4887 718 4938; x_wconf 82' lang='lat' dir='ltr'>ia</span> <span class='ocrx_word' id='word_1_302' title='bbox 737 4888 794 4955; x_wconf 80' lang='lat' dir='ltr'>fiae</span> <span class='ocrx_word' id='word_1_303' title='bbox 819 4885 881 4938; x_wconf 70' lang='lat' dir='ltr'>aaa</span> <span class='ocrx_word' id='word_1_304' title='bbox 906 4886 990 4937; x_wconf 91' lang='lat' dir='ltr'>omnis</span> <span class='ocrx_word' id='word_1_305' title='bbox 1013 4884 1110 4952; x_wconf 81' lang='lat' dir='ltr'>Duhu,</span> <span class='ocrx_word' id='word_1_306' title='bbox 1135 4893 1196 4939; x_wconf 82' lang='lat' dir='ltr'>unte</span> <span class='ocrx_word' id='word_1_307' title='bbox 1221 4886 1329 4953; x_wconf 59' lang='lat' dir='ltr'>Papam·</span> <span class='ocrx_word' id='word_1_308' title='bbox 1349 4895 1414 4954; x_wconf 78' lang='lat' dir='ltr'>pato</span> <span class='ocrx_word' id='word_1_309' title='bbox 1441 4888 1519 4954; x_wconf 81' lang='lat' dir='ltr'>aequi</span> <span class='ocrx_word' id='word_1_310' title='bbox 1604 4885 1639 4940; x_wconf 88' lang='grc'>83</span> <span class='ocrx_word' id='word_1_311' title='bbox 1663 4904 1769 4955; x_wconf 80' lang='lat' dir='ltr'>sperans</span> <span class='ocrx_word' id='word_1_312' title='bbox 1792 4885 1827 4950; x_wconf 84' lang='lat' dir='ltr'>N,</span> <span class='ocrx_word' id='word_1_313' title='bbox 1852 4903 1920 4938; x_wconf 80' lang='lat' dir='ltr'>eos-r.</span> <span class='ocrx_word' id='word_1_314' title='bbox 1940 4885 2070 4937; x_wconf 69' lang='lat' dir='ltr'>Bushahr</span> 
     </span>
    </p>

    <p class='ocr_par' dir='ltr' id='par_1_4' title="bbox 450 4969 2071 5042">
     <span class='ocr_line' id='line_1_44' title="bbox 450 4969 2071 5042; baseline -0.002 -15"><span class='ocrx_word' id='word_1_315' title='bbox 450 4973 485 5027; x_wconf 80' lang='lat'>84</span> <span class='ocrx_word' id='word_1_316' title='bbox 503 4976 545 5027; x_wconf 91' lang='lat' dir='ltr'>oni</span> <span class='ocrx_word' id='word_1_317' title='bbox 563 4973 677 5042; x_wconf 89' lang='lat' dir='ltr'>quidque</span> <span class='ocrx_word' id='word_1_318' title='bbox 695 4974 762 5026; x_wconf 95' lang='lat' dir='ltr'>bono</span> <span class='ocrx_word' id='word_1_319' title='bbox 780 4972 901 5026; x_wconf 78' lang='lat' dir='ltr'>Btlsreur</span> <span class='ocrx_word' id='word_1_320' title='bbox 977 4969 1012 5024; x_wconf 82' lang='lat'>85</span> <span class='ocrx_word' id='word_1_321' title='bbox 1029 4981 1176 5026; x_wconf 76' lang='lat' dir='ltr'>temnuntur</span> <span class='ocrx_word' id='word_1_322' title='bbox 1193 4973 1227 5038; x_wconf 90' lang='grc' dir='ltr'>Ν,</span> <span class='ocrx_word' id='word_1_323' title='bbox 1245 4990 1313 5026; x_wconf 75' lang='lat' dir='ltr'>eorr-</span> <span class='ocrx_word' id='word_1_324' title='bbox 1325 4973 1454 5038; x_wconf 77' lang='lat' dir='ltr'>Bttbreur,</span> <span class='ocrx_word' id='word_1_325' title='bbox 1472 4980 1630 5041; x_wconf 88' lang='lat' dir='ltr'>temptentur</span> <span class='ocrx_word' id='word_1_326' title='bbox 1647 4973 1742 5040; x_wconf 75' lang='lat' dir='ltr'>Palper</span> <span class='ocrx_word' id='word_1_327' title='bbox 1817 4971 1851 5026; x_wconf 85' lang='grc'>86</span> <span class='ocrx_word' id='word_1_328' title='bbox 1869 4980 1940 5042; x_wconf 79' lang='lat' dir='ltr'>optat</span> <span class='ocrx_word' id='word_1_329' title='bbox 1956 4971 2071 5025; x_wconf 66' lang='lat' dir='ltr'>Schenkl</span> 
     </span>
    </p>
   </div>
   <div class='ocr_carea' id='block_1_4' title="bbox 415 5058 2072 5479">
    <p class='ocr_par' dir='ltr' id='par_1_5' title="bbox 415 5058 2072 5304">
     <span class='ocr_line' id='line_1_45' title="bbox 449 5058 2070 5130; baseline -0.001 -15"><span class='ocrx_word' id='word_1_330' title='bbox 449 5061 484 5116; x_wconf 88' lang='lat'>88</span> <span class='ocrx_word' id='word_1_331' title='bbox 502 5071 528 5114; x_wconf 90' lang='lat' dir='ltr'>et</span> <span class='ocrx_word' id='word_1_332' title='bbox 539 5063 621 5130; x_wconf 84' lang='lat' dir='ltr'>turpis</span> <span class='ocrx_word' id='word_1_333' title='bbox 633 5061 667 5128; x_wconf 89' lang='grc' dir='ltr'>Ν,</span> <span class='ocrx_word' id='word_1_334' title='bbox 686 5078 753 5114; x_wconf 81' lang='lat' dir='ltr'>oorr.</span> <span class='ocrx_word' id='word_1_335' title='bbox 766 5061 888 5113; x_wconf 66' lang='lat' dir='ltr'>Bonam</span> <span class='ocrx_word' id='word_1_336' title='bbox 957 5058 989 5114; x_wconf 90' lang='grc'><strong>91</strong></span> <span class='ocrx_word' id='word_1_337' title='bbox 1008 5070 1186 5130; x_wconf 83' lang='lat' dir='ltr'>praesumptor</span> <span class='ocrx_word' id='word_1_338' title='bbox 1197 5062 1319 5116; x_wconf 76' lang='lat' dir='ltr'>Bdtreru</span> <span class='ocrx_word' id='word_1_339' title='bbox 1387 5061 1422 5115; x_wconf 83' lang='lat'>93</span> <span class='ocrx_word' id='word_1_340' title='bbox 1439 5065 1488 5116; x_wconf 88' lang='lat' dir='ltr'>sub</span> <span class='ocrx_word' id='word_1_341' title='bbox 1506 5071 1574 5116; x_wconf 86' lang='lat' dir='ltr'>sorte</span> <span class='ocrx_word' id='word_1_342' title='bbox 1585 5063 1707 5116; x_wconf 78' lang='lat' dir='ltr'>Bltlrreru</span> <span class='ocrx_word' id='word_1_343' title='bbox 1775 5059 1810 5116; x_wconf 77' lang='grc'>94</span> <span class='ocrx_word' id='word_1_344' title='bbox 1827 5063 1896 5127; x_wconf 83' lang='lat' dir='ltr'>Quid</span> <span class='ocrx_word' id='word_1_345' title='bbox 1905 5061 1941 5125; x_wconf 85' lang='lat' dir='ltr'>N,</span> <span class='ocrx_word' id='word_1_346' title='bbox 1959 5063 2070 5126; x_wconf 61' lang='lat' dir='ltr'>ornat,</span> 
     </span>
     <span class='ocr_line' id='line_1_46' title="bbox 415 5145 2070 5217; baseline -0.001 -14"><span class='ocrx_word' id='word_1_347' title='bbox 415 5151 489 5215; x_wconf 83' lang='lat' dir='ltr'>Quod</span> <span class='ocrx_word' id='word_1_348' title='bbox 507 5149 589 5201; x_wconf 75' lang='lat' dir='ltr'>Drtbu</span> <span class='ocrx_word' id='word_1_349' title='bbox 657 5165 741 5217; x_wconf 84' lang='lat' dir='ltr'>parua</span> <span class='ocrx_word' id='word_1_350' title='bbox 758 5147 793 5214; x_wconf 88' lang='lat' dir='ltr'>N,</span> <span class='ocrx_word' id='word_1_351' title='bbox 811 5165 878 5200; x_wconf 78' lang='lat' dir='ltr'>corr.</span> <span class='ocrx_word' id='word_1_352' title='bbox 891 5145 1018 5201; x_wconf 75' lang='lat' dir='ltr'>Bdobeler</span> <span class='ocrx_word' id='word_1_353' title='bbox 1104 5147 1138 5202; x_wconf 81' lang='lat'>95</span> <span class='ocrx_word' id='word_1_354' title='bbox 1154 5149 1184 5200; x_wconf 81' lang='lat' dir='ltr'>iu</span> <span class='ocrx_word' id='word_1_355' title='bbox 1201 5167 1292 5202; x_wconf 82' lang='lat' dir='ltr'>neonre</span> <span class='ocrx_word' id='word_1_356' title='bbox 1310 5158 1347 5202; x_wconf 81' lang='lat' dir='ltr'>ert</span> <span class='ocrx_word' id='word_1_357' title='bbox 1362 5166 1377 5202; x_wconf 88' lang='lat' dir='ltr'>a</span> <span class='ocrx_word' id='word_1_358' title='bbox 1395 5150 1480 5202; x_wconf 81' lang='lat' dir='ltr'>altero</span> <span class='ocrx_word' id='word_1_359' title='bbox 1497 5167 1528 5202; x_wconf 75' lang='lat' dir='ltr'>err</span> <span class='ocrx_word' id='word_1_360' title='bbox 1545 5151 1555 5202; x_wconf 92' lang='lat' dir='ltr'>i</span> <span class='ocrx_word' id='word_1_361' title='bbox 1572 5159 1688 5202; x_wconf 75' lang='lat' dir='ltr'>correcta</span> <span class='ocrx_word' id='word_1_362' title='bbox 1699 5149 1731 5200; x_wconf 92' lang='lat' dir='ltr'><em>N</em></span> <span class='ocrx_word' id='word_1_363' title='bbox 1807 5147 1840 5202; x_wconf 88' lang='grc'>97</span> <span class='ocrx_word' id='word_1_364' title='bbox 1858 5150 1929 5202; x_wconf 80' lang='lat' dir='ltr'>Scire</span> <span class='ocrx_word' id='word_1_365' title='bbox 1946 5147 2070 5214; x_wconf 75' lang='lat' dir='ltr'>110th</span> 
     </span>
     <span class='ocr_line' id='line_1_47' title="bbox 415 5232 2072 5304; baseline -0.001 -15"><span class='ocrx_word' id='word_1_366' title='bbox 415 5255 483 5289; x_wconf 79' lang='lat' dir='ltr'>corr.</span> <span class='ocrx_word' id='word_1_367' title='bbox 496 5237 578 5288; x_wconf 76' lang='lat' dir='ltr'>Dsrha</span> <span class='ocrx_word' id='word_1_368' title='bbox 648 5233 699 5288; x_wconf 93' lang='grc'><strong>100</strong></span> <span class='ocrx_word' id='word_1_369' title='bbox 709 5242 797 5304; x_wconf 77' lang='lat' dir='ltr'>putere</span> <span class='ocrx_word' id='word_1_370' title='bbox 809 5234 957 5302; x_wconf 59' lang='lat' dir='ltr'>Pessima</span> <span class='ocrx_word' id='word_1_371' title='bbox 1028 5232 1075 5287; x_wconf 90' lang='lat'>101</span> <span class='ocrx_word' id='word_1_372' title='bbox 1089 5237 1219 5290; x_wconf 81' lang='lat' dir='ltr'>neoandoa</span> <span class='ocrx_word' id='word_1_373' title='bbox 1231 5235 1266 5301; x_wconf 91' lang='lat' dir='ltr'>N,</span> <span class='ocrx_word' id='word_1_374' title='bbox 1284 5254 1350 5288; x_wconf 75' lang='lat' dir='ltr'>sorr.</span> <span class='ocrx_word' id='word_1_375' title='bbox 1363 5235 1491 5289; x_wconf 69' lang='lat' dir='ltr'>Balsheler</span> <span class='ocrx_word' id='word_1_376' title='bbox 1560 5235 1612 5290; x_wconf 88' lang='lat'>103</span> <span class='ocrx_word' id='word_1_377' title='bbox 1628 5253 1685 5290; x_wconf 87' lang='lat' dir='ltr'>roos</span> <span class='ocrx_word' id='word_1_378' title='bbox 1696 5238 1723 5289; x_wconf 90' lang='lat' dir='ltr'>in</span> <span class='ocrx_word' id='word_1_379' title='bbox 1735 5233 1787 5301; x_wconf 84' lang='lat' dir='ltr'>(eal</span> <span class='ocrx_word' id='word_1_380' title='bbox 1797 5234 1837 5304; x_wconf 85' lang='lat' dir='ltr'>ni)</span> <span class='ocrx_word' id='word_1_381' title='bbox 1850 5235 1884 5303; x_wconf 91' lang='lat' dir='ltr'>N,</span> <span class='ocrx_word' id='word_1_382' title='bbox 1896 5253 1963 5289; x_wconf 70' lang='lat' dir='ltr'>corr.</span> <span class='ocrx_word' id='word_1_383' title='bbox 1976 5235 2072 5302; x_wconf 66' lang='lat' dir='ltr'>Perper</span> 
     </span>
    </p>

    <p class='ocr_par' dir='ltr' id='par_1_6' title="bbox 416 5319 2071 5479">
     <span class='ocr_line' id='line_1_48' title="bbox 451 5319 2071 5391; baseline -0.002 -15"><span class='ocrx_word' id='word_1_384' title='bbox 451 5324 575 5376; x_wconf 89' lang='lat' dir='ltr'>mortibus</span> <span class='ocrx_word' id='word_1_385' title='bbox 592 5323 627 5388; x_wconf 94' lang='lat' dir='ltr'>N,</span> <span class='ocrx_word' id='word_1_386' title='bbox 645 5339 712 5375; x_wconf 83' lang='lat' dir='ltr'>corr.</span> <span class='ocrx_word' id='word_1_387' title='bbox 726 5322 854 5374; x_wconf 69' lang='lat' dir='ltr'>nucleae</span> <span class='ocrx_word' id='word_1_388' title='bbox 941 5319 991 5374; x_wconf 78' lang='grc'>101</span> <span class='ocrx_word' id='word_1_389' title='bbox 1008 5323 1089 5374; x_wconf 89' lang='lat' dir='ltr'>bonos</span> <span class='ocrx_word' id='word_1_390' title='bbox 1107 5322 1142 5388; x_wconf 90' lang='lat' dir='ltr'>N,</span> <span class='ocrx_word' id='word_1_391' title='bbox 1160 5339 1227 5376; x_wconf 78' lang='lat' dir='ltr'>eurr.</span> <span class='ocrx_word' id='word_1_392' title='bbox 1240 5323 1368 5376; x_wconf 69' lang='lat' dir='ltr'>Brlelseler</span> <span class='ocrx_word' id='word_1_393' title='bbox 1450 5332 1510 5391; x_wconf 80' lang='lat' dir='ltr'>port</span> <span class='ocrx_word' id='word_1_394' title='bbox 1529 5320 1579 5376; x_wconf 77' lang='lat'>105</span> <span class='ocrx_word' id='word_1_395' title='bbox 1596 5340 1697 5376; x_wconf 71' lang='lat' dir='ltr'>mnam</span> <span class='ocrx_word' id='word_1_396' title='bbox 1714 5323 1837 5377; x_wconf 58' lang='lat' dir='ltr'>artum</span> <span class='ocrx_word' id='word_1_397' title='bbox 1848 5331 1914 5390; x_wconf 71' lang='lat' dir='ltr'>pao</span> <span class='ocrx_word' id='word_1_398' title='bbox 1931 5338 2019 5375; x_wconf 79' lang='lat' dir='ltr'>orrum</span> <span class='ocrx_word' id='word_1_399' title='bbox 2037 5323 2071 5374; x_wconf 85' lang='lat' dir='ltr'>ab</span> 
     </span>
     <span class='ocr_line' id='line_1_49' title="bbox 416 5407 1983 5479; baseline -0.003 -15"><span class='ocrx_word' id='word_1_400' title='bbox 416 5416 534 5479; x_wconf 80' lang='lat' dir='ltr'>posuerat</span> <span class='ocrx_word' id='word_1_401' title='bbox 619 5407 671 5461; x_wconf 78' lang='lat'>106</span> <span class='ocrx_word' id='word_1_402' title='bbox 689 5409 851 5461; x_wconf 84' lang='lat' dir='ltr'>inimicorum</span> <span class='ocrx_word' id='word_1_403' title='bbox 868 5425 900 5461; x_wconf 72' lang='lat' dir='ltr'>aar</span> <span class='ocrx_word' id='word_1_404' title='bbox 916 5409 1020 5462; x_wconf 89' lang='lat' dir='ltr'>inimiee</span> <span class='ocrx_word' id='word_1_405' title='bbox 1037 5425 1096 5462; x_wconf 89' lang='lat' dir='ltr'>eum</span> <span class='ocrx_word' id='word_1_406' title='bbox 1114 5427 1181 5462; x_wconf 81' lang='lat' dir='ltr'>sorr.</span> <span class='ocrx_word' id='word_1_407' title='bbox 1194 5410 1226 5460; x_wconf 93' lang='lat' dir='ltr'><em>N</em></span> <span class='ocrx_word' id='word_1_408' title='bbox 1307 5407 1357 5462; x_wconf 93' lang='grc'><strong>107</strong></span> <span class='ocrx_word' id='word_1_409' title='bbox 1375 5411 1498 5464; x_wconf 81' lang='lat' dir='ltr'>honestae</span> <span class='ocrx_word' id='word_1_410' title='bbox 1516 5409 1548 5461; x_wconf 89' lang='lat' dir='ltr'><em>N</em></span> <span class='ocrx_word' id='word_1_411' title='bbox 1630 5407 1679 5462; x_wconf 89' lang='grc'><strong>109</strong></span> <span class='ocrx_word' id='word_1_412' title='bbox 1697 5411 1752 5463; x_wconf 88' lang='lat' dir='ltr'>Neo</span> <span class='ocrx_word' id='word_1_413' title='bbox 1769 5410 1804 5474; x_wconf 92' lang='lat' dir='ltr'>N,</span> <span class='ocrx_word' id='word_1_414' title='bbox 1822 5427 1889 5463; x_wconf 82' lang='lat' dir='ltr'>oorr.</span> <span class='ocrx_word' id='word_1_415' title='bbox 1902 5409 1983 5461; x_wconf 78' lang='lat' dir='ltr'>Doto</span> 
     </span>
    </p>
   </div>
   <div class='ocr_carea' id='block_1_5' title="bbox 418 5578 2073 5742">
    <p class='ocr_par' dir='ltr' id='par_1_7' title="bbox 418 5578 2073 5742">
     <span class='ocr_line' id='line_1_50' title="bbox 521 5578 2073 5653; baseline 0.001 -18"><span class='ocrx_word' id='word_1_416' title='bbox 521 5582 554 5636; x_wconf 79' lang='lat'>72</span> <span class='ocrx_word' id='word_1_417' title='bbox 572 5581 691 5646; x_wconf 70' lang='lat' dir='ltr'>Dema,</span> <span class='ocrx_word' id='word_1_418' title='bbox 708 5585 759 5636; x_wconf 82' lang='grc'>308</span> <span class='ocrx_word' id='word_1_419' title='bbox 775 5596 796 5635; x_wconf 90' lang='lat' dir='ltr'>o.</span> <span class='ocrx_word' id='word_1_420' title='bbox 813 5585 881 5636; x_wconf 76' lang='lat' dir='ltr'>nota</span> <span class='ocrx_word' id='word_1_421' title='bbox 971 5581 1005 5637; x_wconf 89' lang='lat'>83</span> <span class='ocrx_word' id='word_1_422' title='bbox 1030 5581 1099 5636; x_wconf 85' lang='lat' dir='ltr'>Hor.</span> <span class='ocrx_word' id='word_1_423' title='bbox 1116 5587 1171 5650; x_wconf 63' lang='lat' dir='ltr'>sot,</span> <span class='ocrx_word' id='word_1_424' title='bbox 1184 5587 1209 5649; x_wconf 74' lang='lat'>2,</span> <span class='ocrx_word' id='word_1_425' title='bbox 1234 5589 1258 5649; x_wconf 75' lang='grc'><em>4,</em></span> <span class='ocrx_word' id='word_1_426' title='bbox 1277 5587 1312 5636; x_wconf 82' lang='lat'>63</span> <span class='ocrx_word' id='word_1_427' title='bbox 1333 5584 1376 5637; x_wconf 87' lang='lat' dir='ltr'>est</span> <span class='ocrx_word' id='word_1_428' title='bbox 1398 5598 1499 5652; x_wconf 87' lang='lat' dir='ltr'>operae</span> <span class='ocrx_word' id='word_1_429' title='bbox 1522 5580 1644 5653; x_wconf 85' lang='lat' dir='ltr'>pretium</span> <span class='ocrx_word' id='word_1_430' title='bbox 1730 5578 1765 5636; x_wconf 81' lang='lat'>84</span> <span class='ocrx_word' id='word_1_431' title='bbox 1792 5579 1843 5635; x_wconf 78' lang='lat' dir='ltr'>oo.</span> <span class='ocrx_word' id='word_1_432' title='bbox 1864 5579 1973 5634; x_wconf 70' lang='lat' dir='ltr'>masa</span> <span class='ocrx_word' id='word_1_433' title='bbox 1996 5579 2073 5637; x_wconf 89' lang='lat' dir='ltr'>illud</span> 
     </span>
     <span class='ocr_line' id='line_1_51' title="bbox 418 5681 1315 5742; baseline 0 -2"><span class='ocrx_word' id='word_1_434' title='bbox 418 5681 581 5740; x_wconf 84' lang='lat' dir='ltr'>Cassianum</span> <span class='ocrx_word' id='word_1_435' title='bbox 596 5684 653 5740; x_wconf 88' lang='lat' dir='ltr'>‘oui</span> <span class='ocrx_word' id='word_1_436' title='bbox 671 5685 761 5741; x_wconf 87' lang='lat' dir='ltr'>bono’.</span> <span class='ocrx_word' id='word_1_437' title='bbox 796 5687 896 5741; x_wconf 81' lang='lat' dir='ltr'>Asooa.</span> <span class='ocrx_word' id='word_1_438' title='bbox 914 5685 945 5739; x_wconf 80' lang='lat' dir='ltr'>ia</span> <span class='ocrx_word' id='word_1_439' title='bbox 963 5685 1024 5741; x_wconf 79' lang='lat' dir='ltr'>Mil.</span> <span class='ocrx_word' id='word_1_440' title='bbox 1036 5691 1071 5741; x_wconf 79' lang='lat'>32</span> <span class='ocrx_word' id='word_1_441' title='bbox 1157 5686 1192 5742; x_wconf 87' lang='grc'>96</span> <span class='ocrx_word' id='word_1_442' title='bbox 1209 5684 1246 5738; x_wconf 80' lang='lat' dir='ltr'>ud</span> <span class='ocrx_word' id='word_1_443' title='bbox 1262 5693 1315 5742; x_wconf 71' lang='lat' dir='ltr'>a?</span> 
     </span>
    </p>
   </div>
   <div class='ocr_carea' id='block_1_6' title="bbox 0 0 2311 6394">
    <p class='ocr_par' dir='ltr' id='par_1_8' title="bbox 0 0 2311 6394">
     <span class='ocr_line' id='line_1_52' title="bbox 0 0 2311 6394; baseline 0 0"><span class='ocrx_word' id='word_1_444' title='bbox 0 0 2311 6394; x_wconf 95' lang='lat' dir='ltr'> </span> 
     </span>
    </p>
   </div>
  </div>
 </body>
</html>
