4554 6396
883 381 1086 440 onuconuu
1121 381 1169 439 ΒΕ
1188 381 1371 440 tnvulsvs
1389 379 1450 440 DEI
1486 380 1528 437 ΙΙΙ

792 567 826 628 et
847 562 967 628 toleret
988 561 1158 648 possitque
1183 581 1302 648 rogans
1325 561 1462 629 ardente
1484 562 1605 650 peleto,

790 672 828 732 ut
849 665 994 752 gelidum
1016 664 1120 752 digito
1143 673 1308 732 mereatur
1329 668 1443 754 lingue
1467 668 1637 754 liquorem,

791 768 854 836 sed
872 776 972 856 neget
995 769 1056 834 hoo
1078 769 1209 835 inmens
1233 770 1347 836 ohoos:
1372 771 1504 837 crudele
1526 769 1721 858 profundum

726 891 773 960 (ιι)
793 873 907 939 dividit
930 875 1016 940 inter
1038 895 1139 960 eques
1163 879 1196 940 et
1219 896 1320 940 saevo
1342 873 1495 942 ineendie
1516 876 1640 958 mortis,

653 994 687 1052 ιο
791 999 875 1065 quse
899 978 970 1044 siue
992 977 1057 1044 line
1081 984 1215 1044 monent
1236 985 1270 1043 et
1292 985 1380 1044 stunt
1403 979 1464 1045 sub
1487 985 1623 1066 perpete
1645 1000 1745 1045 nexu.

789 1091 823 1148 et
845 1083 944 1148 miser
966 1081 1029 1162 hio,
1052 1083 1108 1168 qui
1131 1081 1223 1148 dives
1248 1089 1329 1164 eret,
1353 1105 1419 1149 ιιοιι
1442 1084 1523 1148 vixit
1546 1090 1701 1169 egentem

789 1187 936 1252 vestibus
959 1185 1091 1252 indutus
1115 1186 1222 1274 Tyriis
1244 1188 1406 1273 prooessit
1430 1193 1464 1252 et
1486 1192 1589 1268 ostro,

789 1291 923 1356 delieias
946 1289 1147 1376 consumpsit
1170 1289 1265 1374 edax,
1289 1311 1364 1357 reus
1386 1291 1461 1356 iude
1484 1297 1630 1371 vocotus,

724 1411 772 1480 (ιο)
791 1393 989 1482 pauperibus
1012 1394 1142 1460 miseris
1166 1394 1251 1479 quod
1274 1399 1351 1460 trux
1373 1395 1532 1461 alimento
1555 1395 1706 1481 negabat,

652 1514 686 1569 75
789 1519 865 1565 uem
887 1498 950 1564 sibi
973 1497 1065 1564 dives
1089 1503 1160 1564 eret
1182 1495 1321 1584 dapibus
1344 1499 1482 1564 convive
1503 1498 1658 1585 repletus.

791 1602 819 1667 si
841 1601 925 1667 teies
948 1601 1103 1667 domuere
1126 1601 1236 1688 pleoet
1259 1601 1319 1667 sub
1343 1608 1481 1688 perpete
1503 1621 1620 1688 poene,

789 1707 844 1792 qui
867 1706 939 1787 sibi,
962 1726 1027 1770 non
1049 1705 1121 1771 eliis
1142 1705 1308 1792 proprium
1331 1705 1518 1792 dependere
1542 1711 1666 1788 curent,

787 1809 865 1896 quid
887 1831 1045 1897 passurus
1068 1811 1139 1890 erit,
1163 1811 1218 1896 qui
1239 1831 1301 1876 nee
1325 1809 1388 1875 sibi
1411 1810 1576 1897 praestitit
1599 1829 1753 1896 umquam

724 1931 771 2000 (rs)
790 1919 847 1980 out
870 1915 926 2001 qui
948 1915 1057 1980 eliens
1079 1914 1164 1999 repit
1186 1913 1310 1999 praedo
1333 1915 1527 1980 temerarius
1552 1913 1670 1996 eudex,

650 2034 685 2091 80
789 2018 880 2083 ouius
904 2017 992 2083 ioote
1013 2038 1148 2104 gemens
1171 2016 1296 2104 plaudit
1318 2019 1474 2104 spoliatus
1497 2024 1643 2104 egenus?

790 2121 921 2188 hinem
944 2127 1030 2203 eunt,
1054 2143 1135 2208 quos
1159 2121 1228 2186 sole
1250 2122 1363 2187 iuvent
1385 2121 1543 2202 convivis,
1567 2121 1711 2209 preodae

789 2227 940 2312 gutturis,
964 2233 997 2292 et
1019 2226 1142 2291 ventris
1167 2247 1278 2291 eurem
1303 2227 1373 2292 sine
1396 2225 1494 2292 leude
1517 2225 1674 2310 ferentes,

788 2332 893 2416 ignari
915 2333 991 2417 quio
1014 2329 1158 2417 quisquis
1183 2331 1245 2396 erit
1267 2331 1450 2417 praesentis
1473 2336 1601 2396 ametor

723 2450 770 2518 (so)
789 2434 876 2500 vitoe
900 2435 1092 2519 enimseque
1117 2454 1207 2514 suse,
1231 2454 1295 2498 non
1318 2433 1427 2520 diligit
1449 2433 1517 2514 ille,
1541 2433 1599 2499 sed
1624 2433 1707 2500 odit:

652 2551 687 2608 85
791 2543 996 2623 contemptor
1017 2538 1104 2603 vitoe
1127 2537 1233 2623 magis
1257 2537 1310 2603 hie
1334 2544 1483 2603 servator
1505 2537 1654 2604 hebetur.

786 2641 832 2706 nil
855 2662 936 2729 opus
959 2647 1010 2708 est
1032 2643 1196 2729 prusierre
1219 2642 1291 2708 deo.
1337 2643 1503 2709 sententio
1524 2644 1633 2729 prisea
1657 2646 1724 2708 est:

723 2763 770 2831 (ιι)
788 2743 962 2810 ‘summum
984 2745 1080 2812 erede
1103 2746 1197 2812 nefas
1220 2747 1361 2811 animem
1384 2746 1550 2832 praeferre
1573 2745 1712 2833 pudori'.

714 2866 769 2936 (-)
789 2850 817 2915 si
840 2849 945 2915 meins
968 2850 1074 2914 soelus
1098 2855 1148 2914 est
1170 2849 1313 2914 animam
1336 2849 1504 2935 praeferre
1527 2847 1655 2936 pudori,

721 2971 769 3038 (ιι)
789 2973 885 3040 quum
908 2955 950 3019 sit
971 2953 1093 3039 monde
1116 2954 1211 3019 nelos
1233 2955 1375 3018 enimam
1397 2953 1563 3040 praeferre
1587 2954 1701 3036 datori,

649 3076 684 3133 90
722 3077 769 3144 (es)
788 3057 921 3124 demere
944 3057 1021 3122 dum
1043 3057 1142 3124 lioeet
1164 3057 1318 3144 quioquid
1340 3057 1431 3123 dedit
1453 3063 1488 3124 et
1511 3057 1563 3123 eui
1586 3058 1739 3124 confert?
1856 3105 1868 3118 ,

788 3183 866 3250 ergo
889 3162 988 3229 deum
1010 3163 1036 3228 si
1059 3163 1160 3228 verbe
1182 3162 1303 3246 uolunt,
1327 3167 1360 3227 et
1382 3183 1475 3228 meus
1498 3169 1689 3239 veneratum

788 3269 834 3333 nil
857 3287 939 3354 opus
965 3267 1041 3354 (est)
1064 3267 1233 3354 proeierre
1256 3266 1330 3347 deo,
1353 3266 1436 3333 deus
1459 3267 1564 3332 omnis
1588 3288 1680 3334 emor
1702 3269 1744 3334 sit

788 3376 864 3436 onte
889 3368 1005 3456 (artus)
1030 3371 1252 3456 animamqu03
1275 3370 1371 3434 simul
1394 3370 1535 3435 conubia
1557 3376 1652 3436 ustos

788 3478 965 3562 postponat
986 3495 1079 3540 meus
1102 3494 1184 3560 pure
1206 3473 1268 3539 deo
1292 3479 1460 3560 totamque
1483 3475 1622 3540 sulutem
1691 3541 1696 3548 ,

650 3594 685 3650 95
722 3594 770 3664 (eo)
789 3579 914 3662 reiciet,
937 3583 1125 3644 contemnet
1147 3599 1236 3664 opes,
1259 3578 1457 3665 patrimonia
1479 3578 1624 3662 damnet,

789 3689 823 3749 et
845 3703 979 3748 securus
1004 3683 1066 3747 erit
1088 3684 1177 3748 vites
1200 3683 1341 3749 melioris
1364 3689 1491 3747 ametor

789 3787 994 3873 temporibus
1018 3788 1087 3852 sine
1110 3787 1174 3854 fine
1199 3787 1295 3870 detis,
1319 3787 1390 3852 sine
1414 3787 1518 3852 limite
1541 3805 1671 3873 perpes.

790 3890 875 3977 quod
898 3895 1027 3977 spectet
1048 3890 1157 3974 finem,
1180 3890 1297 3976 fragile
1320 3897 1371 3955 est
1395 3896 1565 3976 totumque
1590 3889 1759 3957 oeduoum.

790 4015 886 4081 quem
911 3995 953 4060 sit
975 3995 1132 4080 insipiens
1156 4000 1364 4059 contemnere
1387 3994 1472 4058 velle
1496 4013 1639 4080 perenne

636 4116 686 4172 100
724 4117 771 4186 (os)
791 4105 824 4164 et
846 4097 974 4164 modico
998 4098 1166 4184 quoesisse
1189 4097 1241 4163 die
1264 4099 1407 4184 periture
1430 4102 1575 4183 repente,

790 4201 945 4268 Abrahae
969 4201 1109 4268 doceant
1130 4203 1195 4267 ism
1217 4223 1277 4268 nos
1301 4201 1451 4286 exemplo
1472 4201 1628 4287 parentis,

791 4306 845 4392 qui
867 4312 979 4370 natum
1003 4305 1113 4370 senior
1135 4311 1324 4391 susceptum
1347 4304 1473 4370 tordius
1496 4325 1598 4369 unum

792 4431 850 4496 spe
874 4409 1170 4496 oitooontempsit,
1193 4410 1302 4476 iussus
1326 4408 1481 4496 produxit
1503 4407 1545 4474 sd
1568 4429 1657 4474 erem

789 4513 981 4600 optavitque
1003 4514 1077 4579 neoi
1100 4513 1200 4578 nimia
1222 4513 1345 4599 pietate
1369 4518 1538 4587 eruentus;

379 4704 407 4756 iu
426 4703 499 4758 098

481 4807 515 4862 66
532 4810 616 4876 poleto
639 4808 673 4872 Β,
695 4827 762 4862 corr.
782 4809 813 4860 M
818 4809 829 4842 ⁸
933 4807 967 4861 70
991 4817 1044 4862 stat
1062 4809 1094 4876 Β,
1113 4827 1180 4862 corr.
1201 4808 1235 4859 M
1336 4806 1368 4860 ll
1387 4806 1546 4875 delend(or)e
1564 4807 1596 4870 Β,
1620 4808 1732 4872 σοι-νοσεῖς
1758 4807 1899 4859 defundere
1919 4805 2034 4857 Areoolo

412 4892 684 4964 80pleugitdreuolo
754 4895 788 4948 83
800 4897 900 4964 Ignaris
911 4895 944 4962 Β,
957 4913 1025 4948 corr.
1038 4897 1152 4948 Areualo
1223 4893 1318 4947 Silone.
1337 4895 1363 4946 U
1429 4893 1464 4947 90
1478 4895 1643 4947 noluilibout
1701 4891 1735 4945 92
1747 4901 1786 4946 ost
1798 4912 1845 4945 om.
1859 4894 1894 4956 B,
1906 4893 1968 4945 aad.
1983 4892 2014 4942 Μ
2022 4891 2033 4923 ¹

412 4979 530 5034 93ortus
543 4983 643 5049 addidi,
657 4982 755 5044 om.B;
768 4981 946 5050 ‘potestatam
958 4985 1070 5036 ιιιίιιιιιιι
1085 4978 1484 5051 (vinm)queu184’.13u0teter
1550 4979 1737 5046 (conluiuisB,
1750 4979 1851 5032 correxi
1919 4977 1954 5030 98
1966 4979 2034 5042 Quot

378 5070 456 5120 linem
474 5069 628 5136 expectato
713 5067 763 5123 104
781 5069 939 5136 eruentu(m)
959 5071 991 5135 B,
1010 5089 1077 5124 corr.
1091 5069 1125 5120 M
1128 5070 1140 5100 ¹

482 5238 516 5294 68
534 5213 664 5308 tuero,
681 5246 714 5295 26
736 5239 809 5296 inter
832 5259 881 5296 nos
904 5244 1005 5296 etrus
1028 5241 1113 5296 chaos
1135 5258 1269 5312 magnum
1294 5239 1433 5294 firmatum
1458 5241 1501 5294 est
1605 5237 1639 5292 22
1662 5254 1685 5292 u.
1702 5235 1759 5290 ind.
1778 5251 1799 5290 s.
1815 5252 1837 5290 o.
1861 5233 1963 5304 Tyrius

379 5341 413 5398 80
435 5341 547 5412 plaudit
574 5343 653 5398 diam
675 5344 818 5413 plaudere,
845 5345 960 5399 laudere
981 5331 1085 5418 ooqitur
1105 5361 1165 5399 cum
1187 5345 1264 5398 malit
1283 5344 1414 5414 piaeque
1518 5341 1552 5397 83
1571 5341 1626 5396 lot.
1641 5347 1720 5408 1225
1740 5338 1789 5408 qui
1811 5343 1889 5394 amet
1910 5337 2033 5393 unimam

380 5462 466 5512 suum,
485 5447 584 5518 perdet
605 5464 667 5504 eam
694 5448 794 5518 etqui
818 5449 878 5504 odit
901 5448 1024 5504 animem
1047 5467 1126 5504 suem
1150 5448 1179 5503 in
1201 5449 1254 5504 hoc
1278 5447 1394 5514 mundo,
1421 5446 1450 5502 in
1474 5447 1563 5502 vitem
1588 5449 1732 5502 aeternam
1754 5443 1877 5499 custodit
1895 5459 1965 5498 eam⁴
2000 5442 2034 5508 es.

382 5549 479 5606 Masso.
492 5559 531 5620 10,
544 5558 585 5608 39.
604 5553 674 5612 Loto.
692 5561 714 5623 9,
734 5561 766 5609 24
870 5554 1066 5621 8111111113
1169 5552 1203 5608 89
1220 5554 1291 5620 εΗ,
1304 5557 1351 5608 136
1455 5551 1490 5608 93
1508 5550 1575 5607 Stat.
1597 5547 1673 5605 uteb.
1691 5554 1776 5616 &385
1793 5549 1847 5614 (10,
1862 5546 1921 5612 768)
1939 5545 2035 5601 domos

380 5653 500 5710 conubio
517 5658 599 5711 notos
