4590 6390
899 371 1068 428 CARMINA
1089 370 1227 427 vlt-lx

631 545 773 613 Iscubns
797 546 850 613 hic
872 546 974 612 nitido
995 547 1204 636 praepollens
1228 568 1285 615 ore
1308 547 1438 615 renidet

562 668 596 725 20
632 657 666 716 et
688 651 777 718 Petri
800 652 931 738 gemina
954 650 1143 738 resplendet
1166 651 1306 738 epistole
1329 651 1424 718 dictis

631 777 670 821 eo
692 755 814 841 triplex
836 755 957 841 legitur
978 757 1089 841 magni
1111 755 1258 822 doctrine
1279 756 1435 823 Iohannis

630 878 809 944 parvoque,
833 857 891 924 sed
914 857 1057 944 prudens
1080 865 1228 945 gestetur
1249 859 1371 946 pagins
1392 858 1506 926 Iudae.

631 961 708 1027 hino
732 968 765 1027 et
787 963 985 1049 apostolicos
1008 983 1201 1049 percurrens
1223 963 1351 1030 invenis
1374 970 1478 1046 ectus,

631 1088 712 1153 quos
736 1073 869 1132 sanctus
891 1066 1008 1132 merito
1032 1067 1224 1154 conscripsit
1247 1069 1376 1135 nomine
1399 1067 1519 1136 Lucos.

560 1188 594 1243 25
630 1170 691 1236 hos
715 1153 863 1256 seqnitur
885 1171 984 1257 plens
1005 1172 1108 1236 versis
1133 1177 1166 1236 et
1188 1172 1286 1258 plens
1308 1172 1420 1257 figuris

630 1274 713 1340 visio
736 1273 892 1340 Iohannis
917 1295 1146 1341 consummans
1169 1275 1278 1341 omnin
1299 1276 1393 1362 legis.

594 1453 596 1458 ,
630 1378 711 1444 lineo
735 1384 810 1444 sunt
833 1400 927 1444 sacre
949 1377 1013 1462 dei,
1036 1379 1116 1444 iuris
1138 1379 1222 1444 hoec
1244 1381 1384 1467 mystice
1406 1379 1483 1461 diri,

672 1485 755 1550 hoec
778 1504 911 1550 serrare
934 1483 1041 1564 decet,
1063 1483 1147 1550 haec
1170 1489 1334 1551 temerare
1356 1490 1463 1554 nocet.

629 1589 681 1654 his
705 1589 799 1655 lectis
823 1589 949 1654 animus
973 1587 1082 1652 divino
1106 1607 1241 1654 munere
1266 1587 1395 1670 crescit,

561 1709 596 1767 30
675 1693 860 1759 inlecebras
882 1692 995 1758 mundi
1018 1692 1118 1758 vincit
1139 1713 1252 1758 amore
1275 1693 1336 1760 dei.

630 1796 707 1862 hinc
730 1818 866 1884 prevunn
888 1804 1080 1883 rectumque
1102 1802 1196 1883 porat
1219 1796 1405 1864 discernere
1429 1796 1544 1864 doctus

672 1901 794 1988 optimc
817 1900 992 1988 perficiens
1015 1906 1049 1966 et
1071 1900 1157 1966 mele
1182 1921 1278 1966 suess
1301 1921 1431 1968 carens.

629 2005 705 2072 hinc
728 2011 862 2092 turgens
885 2005 978 2092 ponit
999 2005 1153 2092 perculsa
1177 2005 1331 2092 superbis
1353 2006 1468 2088 fastus,

671 2107 817 2176 frenatur
840 2109 937 2174 luxus
961 2107 1240 2194 conprimiturqus
1264 2107 1367 2174 dolus.

559 2229 595 2286 35
631 2212 762 2280 turbido
784 2213 945 2278 clamosos
969 2211 1089 2276 amittit
1111 2211 1185 2278 rixa
1208 2213 1364 2278 turnultus

573 2403 575 2406 Ι
674 2316 921 2404 acquiriturque
945 2315 1060 2381 fovens
1083 2315 1174 2402 pacis
1196 2337 1306 2382 emore
1329 2317 1433 2404 quies.

630 2420 708 2507 quid
730 2421 796 2486 ism
817 2420 919 2486 mults
941 2421 1077 2506 loquer?
1108 2423 1212 2488 virtus
1234 2422 1288 2488 hic
1311 2424 1440 2510 proficit
1462 2422 1578 2505 omnis,

673 2525 756 2592 haec
779 2525 912 2614 perimit
933 2529 1038 2591 totum
1061 2526 1158 2592 lectio
1183 2534 1298 2594 sancte
1320 2529 1454 2594 malum.

630 2649 707 2696 ecce
732 2627 853 2716 (hoec),
875 2629 931 2715 qni
953 2629 1118 2696 dominum
1140 2651 1241 2718 prono
1264 2632 1313 2696 vis
1336 2653 1470 2699 cernere
1494 2632 1603 2714 corde,

559 2751 595 2808 40
673 2734 755 2800 haec
778 2735 938 2802 meditare
961 2735 1110 2822 loquens,
1134 2734 1217 2801 hneo
1239 2755 1419 2802 memorare
1442 2742 1565 2804 tacens.

630 2859 715 2904 nunc
739 2846 891 2927 superest
914 2839 985 2922 lari,
1009 2861 1072 2928 quo
1096 2841 1161 2905 sint
1183 2840 1385 2928 praescripta
1406 2841 1540 2908 iubente

673 2941 726 3007 vel
749 2943 842 3008 cuius
866 2941 974 3007 studio
996 2942 1029 3007 in
1053 2941 1166 3009 codice
1188 2942 1289 3008 misse
1312 2943 1418 3008 simul.

629 3066 775 3111 summus
799 3053 832 3111 et
854 3045 1008 3132 egregius
1032 3047 1200 3132 congessit
1222 3051 1341 3112 cuncte
1363 3046 1528 3114 Iohannes

674 3151 735 3214 rite
758 3149 977 3216 ministerium
1000 3150 1186 3236 pontificale
1208 3170 1339 3236 gerens.

560 3269 596 3324 45
632 3251 817 3320 Caesareae
840 3253 1011 3340 Augustae
1035 3252 1112 3318 dum
1135 3259 1247 3340 pastor
1269 3254 1437 3341 praesidet
1460 3256 1543 3338 urbi,

674 3358 757 3423 haec
779 3357 967 3423 venerande
990 3378 1048 3423 suo
1070 3359 1203 3424 nomine
1226 3356 1311 3423 dona
1333 3358 1435 3426 dedit.

632 3461 755 3528 credite
778 3461 841 3527 iem
865 3462 974 3528 cuncti
996 3468 1071 3549 post
1094 3467 1231 3527 mortem
1254 3462 1365 3527 vivere
1388 3463 1546 3544 functum,

675 3565 766 3632 cuius
789 3573 863 3652 post
885 3565 1009 3632 obitum
1032 3565 1260 3652 magnificetur
1282 3586 1375 3652 opus.

235 3861 335 3954 (Vll)
380 3863 443 3938 IX.
483 3865 545 3940 DE
573 3865 794 3940 BASlLlCA
821 3864 1115 3940 SANCTORVM
1141 3865 1300 3970 DECEM
1326 3865 1387 3940 ET
1415 3865 1542 3942 OCTO
1568 3866 1857 3942 MARTYRVM.

632 4017 749 4083 Incolit
773 4017 834 4083 hoc
859 4017 1017 4105 templum
1041 4023 1093 4084 set
1115 4017 1196 4084 lelix
1219 4017 1315 4083 turba
1337 4018 1473 4104 piorum,

678 4143 814 4207 quorum
837 4123 1018 4208 promeruit
1040 4143 1109 4187 sors
1133 4121 1309 4187 benedicte
1331 4121 1453 4207 polum.

633 4224 687 4290 hic
710 4231 813 4291 morto
837 4247 959 4306 sacros,
982 4225 1137 4291 virtutum
1160 4225 1300 4291 culmine
1324 4225 1430 4292 celsos

675 4330 771 4396 unice
794 4336 845 4396 ter
868 4351 965 4396 senos
987 4331 1131 4396 continet
1153 4351 1235 4395 urna
1257 4330 1354 4398 viros.

338 4535 371 4588 19
390 4539 504 4590 lacubus
521 4539 557 4590 ric
576 4539 611 4590 M
675 4557 719 4594 ors
737 4541 835 4593 renidet
851 4558 904 4609 epo,
923 4531 979 4594 orie
996 4541 1061 4593 nitet
1080 4541 1118 4605 M,
1134 4541 1223 4594 ordine
1240 4543 1305 4595 nitet
1322 4541 1479 4594 Mentem
1565 4539 1598 4592 21
1618 4542 1707 4610 magni
1725 4542 1888 4609 normano,

234 4625 386 4692 magnitudo
401 4626 435 4676 M
526 4625 561 4679 23
586 4629 654 4681 Hicn
676 4637 702 4681 et
725 4630 803 4697 spstli
821 4647 887 4696 qnos
900 4629 934 4679 Μ
1007 4629 1111 4681 inuenis
1128 4628 1293 4694 Lemnum,
1316 4629 1433 4681 inuenire
1451 4629 1483 4680 M
1559 4635 1634 4680 ectus
1651 4645 1728 4696 rupes·
1745 4630 1841 4681 lineam
1859 4631 1890 4681 M

270 4709 304 4762 24
322 4713 426 4764 nomine
443 4713 519 4766 lucus
538 4713 571 4764 M
637 4713 671 4767 27
690 4717 791 4768 minden
809 4716 850 4767 dei
868 4715 925 4767 nini
942 4715 974 4766 M
991 4714 1159 4776 Lomentum
1179 4715 1289 4766 correxit
1306 4723 1330 4767 et
1341 4723 1402 4780 post
1419 4715 1460 4767 dei
1479 4714 1594 4766 distinxit
1605 4715 1699 4780 Peiper
1768 4713 1802 4768 32
1820 4717 1889 4768 mele

238 4814 316 4850 surse
334 4815 431 4852 cavens
449 4801 614 4870 Loreneanc,
642 4802 712 4855 mala
738 4819 816 4854 suase
843 4803 936 4854 cedens
959 4802 993 4852 M
1092 4798 1126 4854 33
1148 4801 1270 4869 perculsa
1296 4818 1350 4868 epo,
1376 4801 1497 4869 perclusa
1519 4801 1553 4851 M
1652 4799 1687 4854 35
1713 4802 1840 4854 clamosus
1858 4803 1893 4852 Μ

269 4883 304 4936 38
321 4887 358 4938 Ec
377 4887 411 4937 M
411 4904 421 4952 ‚·
438 4891 471 4941 Et
489 4888 582 4956 Peiper
668 4887 702 4942 39
725 4891 792 4941 Eece
809 4889 882 4963 haec
895 4889 980 4954 (nolui
1000 4890 1067 4940 Ecce
1083 4884 1111 4954 ο)
1128 4905 1181 4955 epo,
1199 4885 1267 4940 Ecce
1285 4887 1316 4938 M
1385 4889 1430 4955 qui
1448 4889 1579 4940 dominum
1598 4905 1678 4957 prono
1702 4887 1809 4956 naute,
1827 4890 1889 4956 qnid

234 4970 367 5024 homnium
395 4991 440 5042 per
464 4993 558 5028 nomon
583 4975 618 5027 M
700 4993 817 5028 scernere
840 4975 875 5026 M
974 4973 1007 5027 41
1037 4991 1090 5041 quo
1117 4975 1281 5038 lorenzana,
1308 4975 1378 5042 quod
1405 4975 1439 5025 Μ
1520 4992 1581 5026 ecoe
1609 4975 1721 5028 conicias
1747 4977 1888 5044 perscripto

268 5055 304 5110 45
330 5061 472 5115 Caesareae
498 5063 633 5131 Augustas
652 5063 815 5126 Lormzano,
833 5063 941 5115 Cessree
959 5071 1034 5115 uasto
1052 5062 1086 5112 M
1168 5063 1263 5114 FINlT
1280 5062 1429 5128 attemptet
1447 5063 1478 5112 M

339 5164 404 5236 [lxl
441 5171 466 5218 Λ
486 5165 620 5238 (sotem)
641 5167 744 5219 MbFP
829 5168 877 5219 tit:
899 5169 931 5220 de
957 5168 1067 5220 uasilicc
1084 5163 1120 5230 F,
1145 5167 1172 5218 in
1194 5167 1300 5219 basilice
1322 5167 1348 5217 P
1433 5165 1447 5218 1
1470 5168 1532 5220 felix
1555 5168 1637 5220 uerba
1662 5170 1685 5217 Α
1773 5165 1889 5221 amoro

236 5269 325 5306 necros
342 5255 414 5307 clere
432 5257 525 5323 lepitnr
541 5257 618 5310 aiom
636 5257 664 5308 ic
682 5259 716 5322 A,
734 5263 815 5309 morte
833 5271 906 5308 secro
924 5273 981 5308 rurn
1000 5253 1078 5320 (corr.
1096 5254 1125 5307 in
1142 5253 1196 5321 ros)
1209 5253 1247 5321 M,
1265 5261 1365 5306 montes
1382 5271 1468 5307 necros
1485 5254 1543 5306 edd.
1613 5255 1710 5306 uirtute
1728 5253 1762 5304 M

340 5425 372 5482 19
385 5425 488 5496 sqq.cs.
503 5424 596 5481 Altae.
609 5434 642 5482 54
653 5441 707 5496 sqq,
777 5426 812 5482 23
828 5426 861 5494 cs.
874 5426 978 5482 Alecto.
992 5432 1033 5496 ss,
1050 5424 1582 5494 13.69,1591teodnls.133ceos.105
1650 5424 1685 5479 26
1697 5423 1732 5491 es.
1747 5423 1888 5492 modotf.

233 5535 280 5585 535
297 5527 390 5584 Albas.
403 5535 436 5584 ce
452 5545 537 5585 anon.
550 5536 596 5584 112
682 5529 716 5586 27
733 5531 768 5598 cs.
781 5530 875 5586 Alter.
890 5535 961 5588 eset
978 5536 1022 5598 45,
1041 5529 1144 5586 Anne.
1160 5537 1203 5596 65,
1216 5537 1238 5585 5.
1257 5535 1357 5597 69,173
1443 5529 1476 5584 41
1496 5528 1533 5597 cs.
1546 5526 1699 5584 Attamen

339 5649 405 5728 [ln]
443 5650 455 5705 1
476 5649 579 5706 eosdem
597 5653 709 5709 celebrat
726 5657 856 5722 martyres
873 5649 1040 5706 Rudentius
1056 5650 1154 5722 tymtto
1172 5649 1222 5705 IV
1231 5647 1444 5720 peristephanon
