4554 6396
799 339 952 396 uveuNu
986 339 1243 398 fluxuuuuuou

452 516 504 574 430
607 538 715 605 poene
737 518 818 582 mori
841 516 982 584 erudelis
1006 524 1085 601 eret,
1109 518 1168 584 sed
1191 519 1302 586 vivere
1325 519 1429 607 peius.

609 623 677 688 otia
700 621 835 689 delicias
858 621 1000 711 perdunt
1022 621 1219 710 discuntque
1242 622 1371 690 labores

539 740 577 781 555
608 728 662 813 qui
685 727 811 792 oultore
834 725 897 793 deo
921 726 1061 793 fruotum
1083 728 1210 794 telluris
1233 727 1409 810 habebant,

607 833 752 918 egrioole
773 831 922 898 dominus
945 853 1042 920 quem
1063 832 1206 899 nondum
1229 840 1375 901 verterat
1396 855 1566 922 umquem:
1600 847 1603 852 '

607 938 680 1025 ipse
703 939 825 1024 rigator
848 941 928 1018 erat,
952 943 1042 1003 sator
1065 943 1179 1004 auctor
1201 959 1325 1004 messor
1347 945 1471 1006 arator:

450 1041 503 1098 435
609 1041 779 1109 offendunt
800 1042 888 1108 huno
911 1041 1007 1108 ambo
1029 1042 1130 1128 pium,
1153 1042 1326 1108 truduntur
1348 1043 1389 1109 eb
1413 1043 1520 1128 horto,

606 1147 758 1236 perpetui
781 1147 879 1214 flores
901 1168 964 1212 neo
988 1152 1064 1212 suut
1086 1146 1146 1211 sub
1169 1147 1240 1212 iure
1263 1168 1391 1214 reorum

538 1267 577 1308 555
608 1258 642 1318 et
664 1253 751 1319 vitae
774 1273 861 1318 mors
883 1257 972 1317 meta
993 1250 1089 1316 datur
1111 1272 1186 1317 oum
1207 1252 1272 1318 fine
1295 1252 1464 1319 malorum.

607 1379 727 1444 magno
750 1356 803 1423 dei
824 1357 942 1443 pietas,
966 1377 1097 1444 semper
1119 1359 1174 1443 qui
1196 1361 1359 1445 temporat
1381 1358 1463 1424 ires:

608 1462 677 1528 vite
700 1463 809 1549 gravis
833 1461 1000 1527 hominum
1024 1461 1217 1528 subduoitur
1238 1463 1360 1550 impete
1383 1464 1506 1547 mortis,

449 1567 503 1624 440
608 1587 693 1653 quae
717 1565 860 1634 recidiva
881 1567 989 1653 megia
1012 1566 1117 1632 viveei
1139 1565 1237 1632 eorde
1260 1568 1412 1654 resurgit.

605 1691 693 1736 mors
717 1669 955 1737 mundanorum
978 1670 1109 1757 requies
1133 1677 1184 1738 est
1206 1676 1297 1738 oerta
1319 1671 1467 1738 laborum

537 1789 576 1832 555
606 1781 639 1841 et
660 1776 747 1842 male
770 1776 893 1842 viventi
915 1781 1105 1863 praestetur
1126 1776 1191 1842 fine
1215 1777 1330 1842 salutis

607 1881 799 1946 continuans
822 1878 1050 1966 quodcumque
1073 1885 1171 1946 nooet
1192 1901 1394 1967 pravumque
1417 1881 1613 1969 bonumque.

605 1985 694 2051 solus
716 1983 751 2049 in
773 1988 944 2050 aeternum
967 1983 1047 2050 deus
1070 1991 1121 2049 est
1143 1990 1298 2070 regnator
1321 1991 1354 2052 et
1375 1992 1499 2070 auctor,

448 2088 502 2144 445
605 2089 711 2155 virtus
734 2110 801 2155 una
824 2088 916 2172 deus,
939 2089 1042 2155 trinus
1065 2088 1145 2156 deus
1168 2089 1273 2155 omnis
1297 2095 1331 2156 et
1352 2111 1449 2172 unus,

605 2193 646 2260 ds
670 2215 735 2281 quo
759 2199 925 2280 speratum
949 2192 1137 2260 conceditur
1159 2214 1254 2260 omne
1277 2194 1456 2281 benignum

538 2312 577 2354 555
607 2303 640 2364 et
663 2318 889 2386 quaeoumque
913 2297 1014 2380 iubet,
1037 2299 1259 2386 praesumptio
1282 2299 1373 2365 nulle
1395 2299 1525 2366 refellit.

605 2425 667 2470 nee
690 2401 783 2470 deest
807 2402 944 2470 effeetus
967 2402 1109 2470 faciendi
1132 2409 1280 2491 tempore
1303 2403 1431 2487 eodem,

605 2528 709 2595 penes
733 2527 831 2594 quem
853 2527 986 2574 sensum
1008 2507 1186 2594 primordie
1209 2508 1312 2574 multe
1334 2507 1508 2595 loquuntur

449 2610 502 2668 450
605 2619 638 2678 et
660 2633 742 2679 vooe
765 2612 925 2678 retinente
947 2618 1040 2678 sonat
1063 2633 1164 2699 super
1186 2612 1321 2679 aethera
1344 2633 1451 2679 sermo

605 2739 644 2784 eo
666 2737 760 2783 mens
783 2737 867 2804 pura
889 2716 986 2782 deum
1009 2717 1118 2804 potius
1141 2738 1239 2804 quem
1261 2717 1376 2804 lingue
1397 2723 1560 2805 preoatur.

535 2837 575 2878 555
603 2841 683 2908 ergo
705 2821 813 2908 operis
836 2840 962 2886 memor
983 2821 1055 2908 ipse
1079 2821 1130 2886 sui
1153 2820 1234 2886 deus
1257 2821 1388 2907 inperat
1410 2822 1524 2889 ambos

604 2926 739 2994 sedibus
763 2946 916 3012 egressos
938 2924 1067 3012 placido
1091 2925 1300 2993 dominentur
1322 2933 1359 2992 ut
1380 2927 1451 2993 orbi

603 3051 642 3096 ee
665 3035 769 3096 totum
793 3028 878 3116 quod
901 3028 1041 3095 mundus
1064 3029 1164 3095 habet
1187 3030 1248 3096 sub
1271 3030 1341 3096 iure
1364 3036 1515 3096 tenerent

447 3133 505 3190 455
605 3139 639 3202 et
661 3133 746 3221 quod
769 3134 1014 3214 dorotheum,
1037 3133 1151 3199 viridis
1175 3134 1262 3221 quod
1285 3135 1446 3222 germinet
1469 3135 1582 3216 herbe,

605 3238 691 3326 quod
715 3239 805 3325 epioe
828 3239 956 3322 messis,
980 3237 1066 3324 quod
1088 3239 1188 3305 remis
1211 3240 1350 3328 parturit
1372 3240 1479 3324 arbor,

535 3356 572 3397 555
624 3342 690 3409 uod
736 3348 880 3409 emmant
902 3342 984 3407 vites
1041 3341 1106 3409 uod
1129 3364 1269 3410 amoene
1291 3346 1456 3410 comantia
1471 3345 1566 3411 trond
1588 3351 1623 3411 nt

603 3365 738 3513 duminga
761 3446 847 3533 quod
869 3391 999 3512 mittunt
1020 3364 1140 3528 tflontes
1165 3447 1250 3534 quod
1273 3449 1408 3514 fluotuat
1432 3367 1585 3536 aequor,e
1625 3397 1633 3428 '

604 3551 689 3638 quod
711 3551 825 3638 pelagi
847 3550 947 3616 trehit
970 3550 1068 3634 unda,
1092 3551 1168 3618 freti
1191 3551 1278 3639 quod
1301 3553 1398 3619 litora
1420 3553 1570 3633 tundunt,

447 3655 500 3714 460
603 3676 767 3723 murmure
790 3654 877 3742 quod
898 3655 990 3724 venti
1012 3656 1128 3722 flentes
1150 3677 1236 3742 vage
1257 3677 1420 3724 marmore
1443 3659 1596 3746 crispant,

603 3760 689 3850 quod
711 3765 872 3848 generant
893 3765 1011 3843 terrae,
1036 3759 1123 3848 quod
1145 3761 1307 3843 dammae,
1330 3768 1449 3848 pontus
1472 3769 1506 3830 et
1529 3786 1602 3830 eor:

292 4025 343 4080 433
361 4043 437 4095 quem
459 4026 494 4078 M
568 4040 693 4091 umquam
711 4023 766 4091 ipss
786 4019 790 4090 1
810 4023 917 4090 Rigetor
934 4021 964 4076 F
1063 4021 1116 4077 435
1133 4025 1205 4076 hune
1221 4023 1301 4089 ΕΟΖ,
1319 4041 1389 4078 nuno
1406 4025 1464 4090 FP,
1483 4034 1546 4080 tuno
1564 4025 1597 4076 M
1699 4027 1751 4084 436
1769 4032 1844 4084 floreo

190 4132 242 4168 neo
261 4121 324 4168 sunt
340 4114 380 4181 M,
398 4115 468 4166 floris
485 4129 534 4166 nso
551 4119 591 4165 est
608 4111 638 4165 15Ἱ
651 4109 691 4176 (ia
708 4111 814 4163 troo-ris
831 4109 1023 4176 eoe·res)PLQ
1100 4109 1152 4162 439
1171 4113 1258 4180 inpete
1275 4112 1325 4175 LQ
1398 4111 1448 4166 441
1468 4114 1564 4166 laboris
1582 4115 1614 4166 M
1685 4114 1735 4168 447
1754 4117 1845 4170 fefollit

189 4199 221 4250 M
239 4199 322 4250 Dran.
410 4197 462 4251 448
479 4201 586 4253 effeetus
604 4197 656 4250 FP
745 4194 797 4249 449
815 4213 894 4249 sensu
912 4195 962 4248 FP
1030 4205 1103 4250 muta
1117 4207 1182 4265 pato
1199 4198 1266 4267 Eup.
1283 4201 1363 4252 soluit
1432 4197 1506 4254 Ι451
1520 4203 1577 4254 Hae
1594 4200 1701 4267 MLQZ
1764 4221 1844 4271 qnam

188 4304 238 4338 om.
252 4285 302 4349 LQ
389 4283 442 4340 452
459 4288 500 4339 sui
518 4303 567 4339 om.
586 4286 621 4336 M
686 4285 749 4338 deus
767 4284 859 4350 me,
877 4291 940 4338 tune
957 4285 1015 4338 edd.
1103 4283 1154 4337 453
1172 4287 1285 4354 placidos
1302 4287 1333 4338 M
1402 4287 1547 4340 dominetur
1563 4288 1630 4353 eto
1697 4291 1767 4342 orbis
1786 4289 1815 4342 F

187 4371 240 4425 455
257 4374 346 4426 erbum
365 4372 394 4424 F
457 4372 510 4426 456
527 4374 612 4442 spicat
629 4371 681 4426 FP
747 4369 799 4424 457
817 4388 921 4424 manas
939 4373 1039 4425 orantia
1057 4372 1092 4422 M
1156 4370 1209 4427 458
1226 4375 1316 4426 tondes
1334 4373 1364 4425 F
1411 4375 1479 4442 quod
1497 4375 1594 4428 fluebat
1610 4381 1657 4428 out
1674 4391 1771 4444 aequor
1786 4375 1843 4445 LQ,

187 4460 257 4525 quod
274 4460 360 4512 tundit
377 4466 403 4512 et
420 4477 501 4528 equor
523 4460 553 4524 Z,
575 4460 645 4526 quod
668 4461 754 4512 fluunt
778 4460 861 4511 amnis
879 4457 925 4524 M,
944 4461 1013 4526 quod
1031 4461 1116 4513 fluitat
1133 4461 1218 4513 amnis
1236 4460 1306 4512 F'P
1406 4459 1457 4513 459
1476 4463 1522 4527 feti
1541 4460 1574 4511 M
1655 4463 1733 4516 litura
1745 4463 1780 4514 M

186 4544 241 4598 460
266 4564 399 4599 murmura
419 4547 455 4598 M
529 4548 605 4614 ¹*quod
623 4547 673 4610 aa,
696 4547 807 4599 alterum
828 4546 939 4599 deletum
956 4547 991 4598 M
1073 4547 1159 4599 uentis
1180 4548 1202 4610 Q
1288 4548 1352 4600 flant
1369 4547 1438 4600 stP
1540 4545 1589 4599 461
1608 4551 1727 4602 flammae
1749 4557 1844 4618 pentus

186 4633 277 4685 aether
294 4633 352 4698 LO,
370 4634 479 4686 flumina
496 4641 591 4703 pentus
608 4642 634 4687 et
652 4635 725 4686 ether
741 4634 768 4686 Ζ

294 4891 347 4948 430
365 4891 468 4947 Iulian.
484 4891 539 4947 rot.
557 4892 771 4962 Grammeappt.
780 4909 810 4962 p.
828 4891 1009 4962 CCXXXII,
1024 4900 1056 4948 10
1075 4892 1199 4961 (maced.
1213 4894 1317 4964 Patet.)
1335 4894 1481 4963 comptum
1499 4909 1532 4948 oe
1549 4891 1688 4962 dipthoapi
