4554 6396
882 357 1060 416 ROMVLEA
1078 357 1127 415 Ill.
1146 356 1186 414 IV

535 555 568 612 15
605 539 681 604 dum
704 537 798 603 nobis
820 537 980 603 immensa
1002 535 1124 624 iubet);
1147 558 1199 604 rue
1223 558 1351 625 quoque
1374 541 1548 628 triumphis

602 641 734 708 horrida
757 641 846 707 belle
868 647 1011 723 manent,
1036 649 1069 707 et
1091 662 1258 729 nunquam
1281 649 1368 711 stare
1392 644 1504 711 licebit

603 745 698 813 hoste
723 745 806 828 siue,
829 743 1041 830 trucibusque
1064 744 1120 810 diu
1143 766 1334 814 concurrere
1359 749 1514 815 monstris

604 849 789 938 compellor.
835 849 975 936 genitor,
1000 855 1034 915 te
1057 849 1090 914 in
1113 857 1245 917 nosmet
1266 852 1410 939 pessima
1432 853 1554 919 coniux

603 953 778 1020 horrescit:
801 955 920 1019 misero
944 973 1074 1040 semper
1096 959 1132 1019 tu
1155 975 1255 1020 causa
1277 956 1392 1043 pericli
1416 977 1464 1026 es.

535 1075 570 1132 20
605 1079 681 1124 nam
703 1058 783 1123 mibi
805 1057 947 1144 reptanti
969 1057 1094 1123 tumida
1116 1058 1245 1125 cervice
1268 1059 1432 1127 dracones

603 1161 686 1228 Iuno
709 1161 792 1228 duos
815 1162 912 1242 misit,
936 1162 1009 1247 quis
1032 1161 1173 1228 frontem
1197 1163 1296 1230 crista
1319 1163 1463 1251 tegebat,

604 1267 756 1334 flammea
776 1267 836 1332 lux
859 1266 972 1350 oculis,
996 1286 1056 1353 pro
1079 1267 1202 1352 spumis
1226 1273 1333 1334 taetra
1355 1289 1493 1352 venena,

605 1370 701 1437 sibile
724 1370 897 1438 vibrabant
918 1370 1040 1456 linguis
1064 1371 1125 1436 sub
1148 1370 1247 1438 dente
1271 1372 1433 1438 trisulcis:

604 1483 710 1542 terror
731 1480 803 1540 erat
823 1475 913 1540 visus
938 1476 1063 1540 cunctis
1087 1475 1277 1562 sonitusque
1300 1475 1489 1543 draconum.

535 1595 569 1650 25
605 1601 687 1666 quoe
710 1579 859 1645 manibus
881 1578 991 1645 ridens
1014 1579 1193 1665 compressi
1217 1581 1373 1666 parvulus
1396 1581 1521 1647 ambos.

605 1685 638 1750 hi
661 1683 807 1750 tribuere
831 1683 911 1748 mihi
933 1683 1073 1770 primum
1096 1703 1155 1770 pro
1177 1691 1284 1750 morte
1306 1684 1506 1771 triumphum

605 1795 639 1855 et
660 1789 774 1871 letum,
797 1809 863 1854 nou
885 1786 1008 1874 praedo
1031 1787 1078 1852 iui
1101 1787 1235 1853 Iunonis
1258 1787 1409 1856 alumnis.

604 1893 717 1959 hostes
740 1891 856 1959 deesse
878 1891 958 1957 mihi
980 1891 1050 1957 dixi
1070 1899 1148 1978 post
1169 1891 1258 1958 bella
1281 1893 1398 1978 leonis,

605 2017 701 2082 quem
724 1996 813 2061 nullo
835 2016 991 2062 mucrone
1014 1996 1084 2082 peti
1106 2017 1168 2062 neo
1191 1996 1335 2062 restibus
1358 1997 1434 2062 ullis

535 2116 570 2174 30
604 2101 764 2186 implicui:
787 2100 891 2166 iretue
914 2099 1066 2166 manibus
1089 2119 1150 2165 uec
1173 2099 1308 2166 Maurus
1323 2102 1345 2186 †
1361 2099 1403 2166 ad
1426 2101 1531 2184 illum,

606 2205 697 2271 cuius
719 2205 807 2292 pelle
830 2211 935 2291 tegor.
979 2225 1065 2270 nuno
1088 2204 1215 2270 sortiter
1238 2225 1317 2272 ecco
1340 2203 1517 2271 tabescens

604 2310 702 2376 tertia
724 2309 812 2374 bella
834 2329 922 2394 gero,
945 2329 1030 2395 quae
1055 2308 1175 2376 caedes
1198 2329 1298 2397 passe
1319 2316 1506 2396 resurgunt.

606 2435 647 2480 eu
670 2414 791 2479 totiens
813 2433 972 2500 percusso
994 2413 1066 2480 lues
1089 2413 1195 2500 magis
1217 2413 1327 2480 extitit
1348 2413 1467 2480 ardena

606 2524 640 2585 et
660 2538 826 2605 nunquam
850 2517 1027 2584 sternenda
1048 2518 1146 2584 venit.
1191 2539 1250 2605 pro
1273 2518 1342 2584 lats
1364 2517 1518 2601 nefanda,

535 2637 571 2696 35
605 2623 738 2690 vincere
761 2622 857 2710 peine
880 2623 959 2688 erit:
983 2622 1123 2709 propriis
1145 2643 1221 2689 nam
1244 2622 1367 2688 viribus
1390 2622 1463 2710 ipse

603 2729 792 2814 impugnor:
815 2747 934 2794 saevos
957 2727 1086 2814 gladius
1108 2727 1189 2792 mibi
1212 2729 1361 2814 suggerit
1382 2727 1497 2810 bostis,

604 2852 670 2898 non
692 2833 779 2920 rapit
800 2851 877 2898 ecce
900 2851 1005 2916 meus,
1029 2830 1088 2898 sed
1110 2831 1238 2918 proelia
1260 2833 1348 2898 victa
1369 2832 1537 2900 reformat.

605 2936 669 3004 buc
693 2937 878 3024 quicunque
901 2936 984 3002 deus
1007 2935 1109 3002 irater
1130 2936 1208 3002 mibi
1231 2957 1377 3003 summus
1392 2936 1533 3025 Olympo
1558 2957 1606 3020 es,

605 3039 669 3106 huo
692 3041 772 3107 edes
794 3047 828 3106 et
849 3039 962 3107 miseri
984 3039 1116 3107 tandem
1139 3061 1292 3108 succurre
1315 3042 1465 3130 periclis:

535 3162 571 3219 40
606 3144 665 3210 sed
688 3165 811 3231 quaeso
835 3145 949 3211 venias
974 3144 1104 3211 soboles
1126 3150 1164 3209 ut
1185 3144 1276 3210 nulle
1297 3165 1470 3228 novercae,

606 3249 755 3336 quamvis
777 3249 821 3314 sis
844 3248 956 3315 irater.
1001 3248 1066 3314 iam
1088 3254 1125 3314 tu
1148 3269 1313 3334 succurre,
1336 3250 1487 3316 Minerva

605 3353 813 3440 bellipotens,
835 3354 959 3440 patrius
982 3354 1034 3419 cui
1057 3351 1184 3420 casside
1206 3352 1351 3440 fulgurat
1374 3353 1480 3437 ardor,

605 3478 690 3545 quae
713 3459 821 3545 clipeo
843 3459 1000 3524 rutilante
1023 3463 1128 3539 tonas,
1151 3479 1236 3545 quae
1259 3459 1397 3525 fulmina
1418 3459 1541 3540 vibras,

605 3567 740 3649 pectore
762 3562 895 3628 saxifico
919 3561 972 3628 cui
994 3563 1114 3628 militat
1135 3563 1234 3649 impia
1257 3561 1408 3649 Gorgon:

535 3683 570 3738 45
605 3666 802 3733 intemerata
824 3687 918 3732 soror
939 3665 980 3732 de
1003 3665 1126 3732 vertice
1149 3667 1250 3731 missa
1272 3664 1444 3748 Tonantis,

607 3770 719 3836 sudori
742 3790 895 3836 succurre
918 3789 1002 3836 meo.
1049 3769 1166 3855 quibus
1189 3769 1313 3836 artibus
1336 3790 1462 3856 augures

607 3874 806 3960 extinguam,
830 3873 885 3961 qui
907 3879 1024 3961 sponte
1046 3879 1162 3960 petunt
1184 3873 1348 3939 mucronis
1370 3880 1530 3940 acumen?

605 3985 643 4044 ut
664 3985 816 4044 crescunt
838 3978 1047 4065 gaudentque
1069 3979 1151 4044 mori
1173 3977 1244 4044 iera
1267 3978 1349 4044 colla
1373 3977 1569 4044 draconum!

516 4105 520 4112 ·
607 4103 704 4149 caesa
725 4083 848 4169 vigent,
872 4083 957 4148 alter
978 4083 1084 4169 surgit
1106 4081 1148 4148 de
1170 4082 1308 4148 vulnere
1332 4102 1481 4169 serpeus.

538 4205 572 4264 50
607 4187 776 4254 consilium
798 4186 878 4252 mibi
901 4186 992 4272 virgo
1015 4185 1121 4252 dedit:
1143 4181 1233 4272 ‘quie
1255 4206 1368 4253 mucro
1391 4185 1520 4252 laborat

606 4293 780 4374 incessum,
803 4289 914 4377 gelida
936 4290 1075 4356 flammis
1098 4310 1200 4356 exure
1223 4309 1351 4357 venena

607 4402 642 4463 et
663 4400 831 4485 praestent
853 4415 926 4461 cum
948 4399 1054 4460 morte
1077 4413 1189 4480 rogos:
1212 4401 1311 4481 capnt
1333 4414 1430 4461 omne
1452 4399 1587 4481 perurat

607 4502 691 4588 ignis
708 4499 794 4567 edax
817 4519 1008 4586 anguesque
1024 4505 1171 4566 crement
1191 4505 1266 4586 post
1281 4499 1418 4566 uulnere
1438 4499 1610 4565 llammce.²

314 4723 348 4776 15
365 4739 463 4793 proque
485 4717 575 4780 Dssbn,
598 4715 681 4780 deque
703 4709 825 4763 Bursa
911 4707 947 4762 20
972 4717 1103 4778 reptantes
1127 4707 1255 4762 Bstclscler
1341 4707 1377 4762 22
1393 4690 1463 4764 edcta
1484 4729 1587 4766 uenena
1603 4711 1639 4779 N,
1662 4709 1870 4765 mensure

244 4809 280 4864 23
299 4812 349 4863 sub
366 4807 496 4873 Rubrenus,
514 4802 592 4858 abN
668 4799 703 4853 24
730 4801 823 4851 Terror
839 4796 867 4848 N
953 4794 988 4848 28
1012 4797 1075 4848 duxi
1100 4796 1222 4849 Btbrcm
1312 4794 1347 4849 29
1370 4799 1489 4851 uestibus
1507 4800 1540 4866 N,
1564 4817 1631 4852 corn
1649 4799 1750 4866 Haupt,
1772 4799 1871 4851 retibus

211 4897 332 4950 Butram
419 4892 455 4948 30
476 4909 525 4946 neo
546 4871 653 4943 mimas
670 4889 704 4941 ad
722 4887 795 4939 illum
810 4884 842 4935 N
908 4884 979 4936 adiri
996 4883 1125 4949 Bubrcnc,
1144 4883 1246 4936 adibam
1265 4883 1358 4949 opinor
1442 4883 1476 4937 31
1495 4887 1629 4939 tabescent
1645 4886 1680 4952 N,
1698 4903 1766 4938 sorr.
1779 4885 1869 4948 Dubn,

210 4999 352 5054 pavescens
370 4983 465 5048 Peiper
542 4976 576 5031 uu
593 4977 668 5030 luens
687 4975 718 5026 N
790 4969 825 5026 36
842 4971 944 5039 gladios
962 4970 996 5036 N,
1014 4988 1082 5023 corr.
1094 4969 1223 5022 Brtclseler
1299 4967 1333 5023 37
1351 4988 1422 5024 meos
1434 4971 1469 5039 N,
1488 4989 1557 5026 cose.
1571 4971 1682 5026 &luenti
1758 4969 1793 5024 38
1810 4973 1871 5024 Huc

210 5071 301 5135 Dato,
318 5072 377 5123 Hoc
394 5068 429 5135 N,
446 5069 470 5121 0
487 5066 608 5118 Butram
672 5063 752 5114 irater
771 5059 906 5124 Bstcbeler,
924 5066 997 5126 pater
1013 5056 1045 5108 N
1126 5054 1160 5109 47
1178 5058 1290 5125 sortasse
1307 5074 1426 5123 acumen,
1444 5068 1475 5113 ut
1491 5068 1609 5114 erucam
1689 5055 1724 5111 48
1741 5057 1870 5132 cordati,

210 5157 418 5222 ccchssterq
436 5153 483 5222 (cs.
497 5152 572 5220 Verg.
585 5147 651 5204 Ass
670 5145 751 5216 dat)
838 5145 871 5199 51
890 5148 1009 5199 Incusum
1028 5143 1059 5196 N
1140 5141 1175 5196 52
1194 5142 1304 5213 piestern
1322 5145 1357 5211 N,
1384 5147 1486 5201 cors-eci
1553 5147 1583 5199 in
1604 5153 1686 5199 morte
1707 5153 1745 5198 eat
1766 5161 1780 5198 e
1802 5161 1833 5199 cs
1854 5162 1870 5197 o

210 5253 326 5299 mecla
343 5235 372 5294 irs
390 5241 421 5293 N
500 5241 529 5293 in
546 5238 578 5290 N
590 5237 760 5304 adscriptum
777 5244 813 5289 est
831 5232 906 5291 τέλος

314 5431 350 5487 23
372 5429 444 5498 Vera.
460 5428 531 5483 Aca.
546 5433 569 5494 2,
590 5433 636 5482 211
665 5424 748 5481 sibila
776 5423 942 5480 lambebant
967 5423 1072 5496 linguis
1102 5420 1282 5478 vibrantibus
1311 5439 1360 5478 ora
1389 5421 1425 5490 (2,
1447 5427 1496 5477 476
1524 5419 1703 5492 linguis...
1733 5419 1871 5489 trisulcis)

245 5535 281 5592 30
297 5533 413 5588 blanrus
429 5532 457 5590 ‘t
467 5548 520 5604 prr
536 5529 638 5586 ucou‘
656 5529 796 5596 Eutresis:
816 5527 885 5584 idon
908 5533 940 5583 at
957 5528 1085 5598 probaret
1108 5525 1237 5582 Brlobeler
1261 5528 1352 5582 ntulit
1368 5525 1428 5580 Vol.
1448 5523 1494 5582 Fl.
1510 5530 1535 5594 3,
1555 5531 1606 5582 687
1707 5525 1742 5583 40
1759 5525 1795 5592 cs.
1808 5524 1870 5581 sm.

213 5639 295 5698 Herc.
309 5637 339 5694 0.
353 5640 465 5704 1313sq.
549 5633 586 5690 43
603 5633 686 5689 Drec.
699 5632 778 5688 1126
796 5636 825 5689 et
844 5632 936 5703 clipeo
953 5632 1088 5689 rutilante
1107 5633 1187 5689 tonet
1273 5631 1309 5688 48
1330 5629 1425 5690 onor.
1438 5639 1481 5700 44,
1495 5636 1528 5687 68
1545 5629 1706 5700 gaudetque
1724 5628 1795 5684 mori

1562 5732 1610 5790 18*
