4590 6390
1121 363 1324 422 DRACONTII

794 539 957 628 Pergama
980 543 1052 608 sola
1074 541 1205 629 placent
1227 549 1261 607 et
1284 543 1413 608 moenia
1435 561 1593 628 quaerere
1618 541 1737 607 Troiae

795 667 889 712 mens
913 653 946 712 et
968 646 1037 712 fata
1059 647 1182 712 iubent.
1207 647 1349 712 monitus
1372 645 1467 712 Paris
1490 646 1601 713 omnia
1623 652 1721 712 norat

794 749 941 816 blandita
964 751 1091 816 nutrice
1114 769 1205 836 puer,
1229 771 1292 837 quo
1315 749 1473 837 sanguine
1497 759 1614 832 cretus,

725 871 760 927 70
794 854 850 939 qui
871 875 987 940 genus,
1010 853 1097 920 unde
1119 854 1251 932 domus;
1274 855 1471 941 rapiensque
1487 853 1665 942 crepundia
1681 859 1795 941 pastor

795 957 970 1024 Troianum
994 957 1150 1044 carpebat
1171 959 1243 1026 iter.
1287 959 1343 1023 vix
1365 958 1495 1024 viderat
1516 979 1625 1024 arcem

795 1063 913 1142 lassus,
937 1068 971 1128 et
992 1062 1134 1127 intactae
1156 1060 1375 1149 procumbunt
1398 1062 1540 1128 culmina
1562 1064 1671 1145 turris,

796 1167 935 1252 ingemit
958 1172 991 1232 et
1013 1166 1121 1247 tellus,
1144 1167 1226 1231 muri
1250 1187 1326 1252 pars
1349 1173 1440 1233 certa
1463 1174 1598 1255 repente

797 1269 937 1336 concidit
959 1276 993 1334 et
1018 1270 1142 1337 Scaeae
1165 1271 1336 1338 iacuerunt
1357 1270 1470 1336 limina
1493 1276 1625 1358 portac;

729 1391 764 1445 ts
799 1380 877 1440 tunc
901 1374 1020 1441 Simois
1042 1375 1178 1440 siccavit
1199 1394 1311 1462 aquas,
1335 1375 1525 1461 crystallina
1547 1373 1673 1439 Xanthi

798 1478 940 1544 fluminis
962 1477 1052 1544 unda
1073 1477 1180 1560 rubet,
1204 1478 1299 1544 sudat
1321 1484 1454 1564 pastore
1478 1479 1661 1566 propinquo

798 1581 984 1648 Palladium
1006 1583 1060 1649 vel
1082 1589 1199 1668 sponte
1223 1581 1344 1648 cadunt
1366 1582 1542 1648 simulacra
1564 1581 1742 1648 Minervae.

799 1687 883 1752 forte
905 1685 976 1752 dies
999 1687 1166 1753 sollemnis
1189 1693 1268 1768 erat,
1292 1707 1356 1773 quo
1378 1685 1542 1772 Pergama
1563 1693 1671 1752 rector

799 1789 916 1856 infelix
938 1789 1088 1856 Priamus
1112 1795 1188 1876 post
1210 1790 1364 1856 Herculis
1387 1811 1478 1856 arma
1500 1795 1651 1858 novarat:

731 1909 766 1966 80
801 1915 910 1959 annua
932 1895 1123 1982 persolvens
1147 1893 1282 1980 ingratis
1305 1913 1441 1960 munera
1463 1893 1546 1960 disis

800 1997 1097 2064 Laomedontiades
1120 1999 1273 2085 capitolia
1296 1999 1386 2066 celsa
1407 1999 1543 2085 petebat

799 2101 934 2168 reddere
957 2107 1032 2169 vota
1054 2101 1136 2186 Iovi,
1159 2102 1286 2168 laturus
1309 2123 1402 2168 sacra
1424 2101 1604 2169 Minervae.

801 2205 843 2272 ad
864 2206 1015 2274 dextram
1038 2207 1194 2292 genitoris
1217 2213 1289 2272 crat
1309 2206 1505 2272 fortissimus
1528 2206 1663 2288 Hector,

800 2309 933 2376 Troilus
954 2310 997 2376 ad
1019 2311 1147 2376 laevam
1169 2309 1287 2397 pavido
1311 2311 1487 2377 comitante
1510 2309 1632 2385 Polite;

732 2431 766 2485 85
802 2421 913 2482 cetera
933 2420 1082 2480 natorum
1103 2414 1200 2480 turba
1223 2415 1345 2502 stipata
1366 2415 1506 2483 subibat.

803 2519 950 2606 reginam
972 2520 1098 2585 interea
1120 2525 1269 2584 natarum
1291 2519 1389 2584 turba
1411 2524 1547 2585 coronat

803 2629 837 2690 ct
858 2623 992 2690 nuribus
1015 2624 1169 2690 comitata
1191 2623 1281 2688 venit
1303 2624 1357 2710 pia
1380 2630 1458 2688 vota
1480 2623 1683 2689 ministrans:

802 2747 863 2792 rex
885 2726 1051 2793 Helenum
1073 2727 1229 2813 sequitur,
1254 2725 1458 2793 Cassandrae
1481 2732 1586 2793 mater
1608 2725 1775 2794 adhaeret.

804 2829 880 2896 dum
904 2837 1044 2918 pergunt
1067 2837 1101 2896 et
1122 2831 1246 2919 templa
1267 2837 1393 2918 petunt,
1416 2832 1599 2918 prorumpit
1622 2832 1655 2896 in
1678 2851 1797 2918 agmen

734 2951 769 3008 90
806 2940 920 3021 pastor
942 2941 976 3002 et
998 2935 1154 3000 attonitos
1176 2935 1263 3001 elata
1285 2955 1365 3001 voce
1389 2936 1532 3002 salutat:

804 3037 862 3104 ‘sis
884 3038 973 3121 felix,
996 3039 1157 3126 princeps,
1180 3059 1292 3104 omncs
1316 3040 1442 3105 salvete
1465 3039 1595 3105 sodales

806 3148 863 3209 aut
885 3143 1012 3225 iratres,
1035 3149 1072 3207 ut
1094 3163 1172 3210 vera
1195 3142 1315 3209 ieram:
1339 3149 1375 3209 tu
1397 3144 1511 3210 fortior
1533 3143 1670 3225 Hector,

807 3248 936 3314 culmen
960 3252 993 3313 et
1015 3247 1105 3312 urbis
1128 3269 1225 3334 apex,
1249 3253 1284 3313 et
1304 3249 1428 3314 viribus
1451 3247 1570 3314 indolis
1593 3249 1679 3315 alme

806 3352 929 3420 Troile:
953 3350 1054 3418 frater
1076 3372 1150 3438 ego,
1172 3352 1307 3419 fratrem
1331 3351 1518 3438 cognoscite
1540 3359 1696 3419 restrum.

737 3477 771 3531 95
807 3477 981 3544 germanus
1005 3477 1075 3522 sum
1099 3462 1209 3523 vester
1232 3477 1294 3542 ego
1317 3456 1503 3542 Priamique
1524 3477 1681 3544 propago,

807 3561 948 3628 Hecuba
970 3561 1014 3625 mi
1037 3560 1189 3646 genitrix,
1213 3559 1346 3626 abdicor
1367 3561 1500 3626 crimine
1524 3560 1628 3626 nullo:

807 3687 927 3754 paruus
948 3663 1140 3730 Alexander
1161 3671 1275 3750 pastor
1296 3665 1437 3729 nutritur
1459 3664 1492 3729 in
1513 3663 1584 3730 Ida.

808 3791 869 3836 nec
891 3775 1002 3857 pastor
1024 3769 1066 3835 sit
1088 3769 1163 3849 sile,
1188 3767 1349 3855 Phryges:
1374 3789 1437 3854 ego
1460 3768 1568 3855 iurgia
1590 3767 1700 3833 divum

809 3874 997 3962 compressi,
1021 3893 1096 3938 nam
1118 3873 1177 3938 lite
1201 3880 1291 3938 caret
1314 3893 1366 3938 me
1389 3869 1497 3938 iudice
1520 3873 1658 3938 caelum.

725 3997 774 4054 100
810 3980 837 4044 si
858 3978 974 4058 credis,
998 3999 1155 4064 germana
1175 3998 1302 4058 manus,
1327 3975 1402 4061 (nec
1425 3982 1537 4044 cetera
1558 3977 1646 4062 regis

811 4083 942 4150 conscia
964 4081 1063 4149 corda
1084 4088 1207 4168 negant
1229 4102 1290 4148 nec
1313 4087 1418 4146 mater
1438 4081 1556 4166 pignus
1577 4079 1756 4166 abhorret),

811 4188 934 4254 noscite
957 4186 1098 4274 depositi
1120 4187 1173 4252 rel
1196 4191 1285 4252 certa
1308 4183 1497 4272 crepundia,
1520 4184 1661 4250 fratres².

812 4291 940 4356 dixerat
963 4297 996 4356 et
1018 4296 1121 4356 testes
1144 4290 1274 4376 generis
1297 4289 1433 4374 proiecit
1455 4289 1490 4353 in
1512 4309 1600 4354 arce.

811 4395 914 4460 verba
935 4393 1016 4459 fidas
1039 4394 1144 4480 pietas
1167 4393 1319 4480 quatiunt
1341 4413 1418 4457 mox
1440 4391 1540 4458 corda
1562 4397 1744 4478 parentum,

730 4515 779 4573 105
816 4498 1060 4584 admissumque
1084 4498 1177 4564 nefas
1201 4517 1365 4584 generosa
1386 4493 1496 4562 mente
1518 4496 1641 4562 latetur

521 4691 556 4745 70
579 4693 654 4744 domo
679 4689 773 4758 Palper
870 4689 904 4743 73
928 4699 998 4743 carta
1016 4690 1051 4755 N,
1073 4690 1141 4743 celsa
1165 4689 1299 4758 Ruentem,
1321 4707 1398 4742 versa
1423 4688 1536 4741 Schenkl
1632 4686 1666 4740 74
1688 4688 1787 4740 lumina
1812 4689 1845 4753 N,
1874 4707 1942 4741 corr.
1959 4690 2077 4743 Ionnells'

453 4777 488 4830 78
509 4780 537 4830 in
555 4779 685 4832 sollemnis
703 4780 789 4831 alter-c
805 4779 815 4830 l
833 4795 911 4831 erasa
928 4777 960 4827 N
1024 4774 1056 4828 79
1074 4785 1185 4829 nouerat
1203 4777 1236 4844 N,
1255 4795 1322 4830 corr.
1335 4776 1462 4828 Bdclreler
1532 4773 1564 4828 81
1583 4775 1816 4828 Laumedontiudes
1829 4775 1861 4824 N
1922 4774 1957 4829 83
1974 4778 2076 4830 Addux-

418 4875 483 4918 tram
501 4865 530 4931 (x
547 4867 575 4917 in
591 4864 700 4931 rasura)
718 4867 749 4916 N
831 4863 866 4917 85
883 4866 993 4932 stipatus
1010 4866 1098 4917 abibat
1116 4864 1149 4929 N,
1168 4882 1235 4916 corr.
1248 4865 1370 4916 Bb'brern
1459 4861 1492 4914 91
1512 4863 1590 4915 foelix
1608 4864 1743 4931 princepsa
1760 4861 1791 4912 N
1875 4861 1908 4915 99
1927 4870 1956 4916 tn
1974 4865 2075 4916 viribus

381 5005 382 5008 ,
419 4953 529 5006 Ribbeck
597 4953 713 5019 alqu,
731 4971 797 5006 corr.
811 4953 932 5004 Bbbrenr
1001 4949 1034 5004 94
1052 4953 1208 5020 cognioscite
1221 4952 1252 5001 N
1315 4949 1348 5003 97
1367 4952 1480 5004 nutritus
1492 4949 1581 5016 Dabo,
1599 4952 1718 5002 nutribar
1729 4950 1851 5002 Bdbrens
1920 4947 1953 5002 99
1967 4967 2027 5002 narn
2041 4951 2075 5014 N,

419 5043 471 5092 iarn
485 5041 578 5108 Peiper
656 5038 707 5093 100
724 5041 880 5092 coniecerom
898 5041 931 5091 Ni
949 5039 1044 5103 credis;
1063 5039 1187 5090 traditum
1205 5041 1226 5091 si
1245 5039 1327 5092 credis
1345 5039 1461 5106 defendit
1472 5038 1599 5090 Br'tcbeler
1617 5037 1738 5104 exemplis
1755 5037 1822 5089 ostro
1840 5036 2007 5102 Irrv.10,68.
2028 5042 2078 5091 246

456 5125 507 5180 102
524 5129 611 5180 fratris
628 5127 757 5180 Brtcbeler
846 5123 895 5178 104
913 5127 981 5178 Vera
999 5126 1031 5191 N,
1050 5143 1117 5177 corr.
1131 5125 1242 5178 Ribbeck
1311 5143 1371 5178 mcx
1390 5125 1515 5189 Icnnellr',
1533 5141 1601 5177 mors
1619 5124 1650 5174 N

485 5367 487 5371 .
525 5314 559 5369 69
583 5313 660 5384 Verp.
674 5315 744 5368 Aen.
756 5319 780 5380 2,
796 5320 826 5366 74
845 5329 900 5382 quo
918 5311 1055 5384 sanguine
1074 5315 1165 5368 cretus
1178 5311 1213 5381 (3,
1228 5316 1281 5366 303
1293 5311 1375 5367 Drcc.
1386 5311 1466 5367 VIII
1472 5314 1535 5379 509)
1605 5311 1640 5366 74
1655 5309 1729 5379 Vero.
1742 5311 1809 5366 Aen.
1821 5317 1846 5378 3,
1861 5317 1908 5367 351
1926 5310 2078 5367 Scaeae

421 5415 521 5472 limina
540 5419 638 5487 portae
725 5416 757 5470 81
784 5415 856 5485 Vero·
870 5417 938 5471 Aen.
957 5423 982 5485 8,
1002 5422 1054 5472 663
1079 5415 1216 5486 capitolia
1240 5416 1314 5472 celsa
1336 5415 1453 5472 tenebat
1538 5415 1572 5470 85
1596 5415 1701 5470 Lacon.
1718 5423 1741 5484 1,
1757 5421 1804 5470 221
1828 5417 1975 5470 cetera...
1993 5415 2080 5470 turba

457 5521 492 5577 Sd
516 5521 611 5577 Claud.
629 5527 670 5590 33,
691 5527 740 5576 108
764 5523 794 5576 te
816 5519 884 5576 felix
906 5523 1036 5576 natorum
1059 5519 1142 5576 turba
1165 5523 1281 5576 coronat
1384 5519 1418 5576 93
1439 5520 1547 5574 Horma.
1563 5526 1614 5574 529
1631 5518 1741 5590 patriae
1765 5519 1955 5576 columen...
1975 5517 2080 5574 Hector

458 5627 494 5686 94
514 5625 559 5682 Oc.
572 5631 627 5683 met.
640 5633 664 5694 3,
678 5633 728 5681 230
747 5626 871 5682 Actaeon
890 5643 943 5697 ego
961 5645 1029 5693 sum,
1048 5625 1191 5681 dominum
1210 5626 1370 5697 cognoscite
1388 5629 1510 5682 vestrum
