4554 6396
711 385 916 444 DRAOONTII
950 387 998 443 DE
1016 386 1198 444 LAVDIBVS
1216 387 1278 443 DEI
1312 387 1354 444 ΙΙΙ

623 583 707 648 quae
731 562 900 629 Romanus
924 585 1018 630 amor
1040 568 1150 650 patres
1173 563 1297 650 inplere
1321 564 1438 650 coegit,

621 665 731 732 dicere
755 667 783 732 si
804 668 943 750 valeam,
966 689 1043 734 vero
1067 689 1216 734 sermone
1238 667 1394 755 probabo.

623 772 746 858 optima
767 791 842 836 nam
865 771 985 837 vindex
1009 773 1161 858 exempla
1183 793 1221 838 ao
1243 773 1388 860 pessima
1408 771 1541 852 Brutus,

466 888 518 944 325
543 889 604 958 (sss)
621 874 737 940 horror
759 895 913 961 amorque
936 897 1049 956 novus,
1073 876 1153 942 civis
1176 877 1262 962 pius,
1284 876 1401 964 impius
1424 882 1546 958 auctor,

621 979 692 1044 iure
715 985 809 1064 pater
832 980 970 1066 patriae,
992 979 1078 1044 uatis
1103 985 1136 1044 et
1158 979 1290 1065 regibus
1313 979 1425 1060 hostis,

622 1089 721 1169 etque
743 1082 922 1169 pudicitiae
945 1084 1056 1149 laesae
1081 1083 1283 1148 castissimus
1305 1083 1390 1148 ultor

621 1191 695 1273 post
717 1186 828 1272 regale
851 1185 956 1267 nefas,
980 1185 1067 1272 quod
1090 1193 1202 1252 castas
1226 1187 1365 1273 ingessit
1386 1186 1525 1266 adulter,

622 1290 705 1354 latro
728 1290 897 1370 maritalis,
921 1290 1058 1376 genialis
1081 1289 1203 1377 praedo
1227 1288 1373 1376 pudoris:

466 1407 517 1464 330
545 1409 604 1479 (rso)
622 1392 708 1480 quod
732 1394 838 1459 scelus
862 1393 1005 1477 admisit,
1029 1400 1204 1481 postquam
1225 1394 1297 1460 fera
1319 1415 1422 1480 regna
1444 1393 1575 1480 tyranni

622 1497 750 1584 expulit
773 1503 807 1564 et
829 1498 959 1583 gemino
983 1499 1197 1585 praestrinxit
1220 1499 1355 1564 consule
1378 1497 1518 1563 Romam

621 1622 731 1666 annua
752 1601 880 1667 lestinis
903 1601 1080 1688 disponens
1102 1602 1246 1668 fascibus
1268 1607 1361 1667 aetat

619 1704 712 1791 regia
734 1704 822 1771 bella
845 1726 964 1792 gerens
987 1712 1122 1772 naturae
1145 1705 1234 1772 bella
1255 1706 1393 1792 peregit,

621 1808 769 1875 membra
792 1830 906 1875 cruore
931 1831 990 1876 suo
1013 1808 1158 1896 perfudit
1181 1809 1222 1875 ab
1245 1809 1342 1875 hoste
1366 1829 1518 1874 resersus

465 1926 517 1982 335
542 1928 602 1996 (aas)
622 1911 736 1978 consul
760 1913 850 1978 otiu
872 1913 996 1979 sobolis
1019 1915 1116 1979 vertit
1138 1915 1193 2001 pia
1216 1915 1302 1980 colla
1324 1933 1457 1979 secures

620 2016 768 2082 hostibus
793 2023 932 2104 aptatas,
955 2018 1086 2084 funesta
1107 2017 1222 2084 fraude
1246 2017 1411 2105 profanae,

621 2119 747 2185 civibus
770 2121 911 2188 hostiles
934 2122 1178 2208 orbatricesque
1203 2143 1345 2188 suorum.

621 2223 690 2289 ibat
713 2225 747 2289 in
771 2226 929 2311 exequias
953 2226 1107 2291 iuvenum
1130 2226 1316 2291 execranda
1339 2231 1506 2292 senectus:

619 2347 705 2393 unus
728 2333 800 2394 erat
822 2329 908 2395 vitae
932 2335 1081 2396 natorum
1105 2335 1139 2396 et
1161 2329 1285 2395 funeris
1308 2335 1430 2396 auctor.

464 2443 517 2500 340
544 2447 604 2516 (sao)
623 2430 686 2496 hoe
709 2432 816 2498 scelus
840 2432 1039 2500 admissum?
1063 2440 1129 2499 tem
1153 2454 1251 2499 saevo
1275 2434 1410 2500 crimine
1433 2454 1499 2498 non
1522 2438 1574 2498 est

621 2533 726 2599 dulcis
751 2557 842 2602 amor
864 2537 1002 2623 patriae,
1027 2537 1082 2624 qui
1104 2543 1230 2624 patrem
1253 2537 1331 2604 fecit
1355 2557 1500 2602 amarum

621 2645 679 2704 aut
700 2640 778 2706 feeit
800 2661 865 2706 nou
890 2662 963 2708 esse
987 2647 1114 2729 patrem
1138 2643 1203 2708 iam
1225 2643 1317 2729 prole
1339 2647 1508 2728 perempta

619 2764 678 2830 pro
695 2744 812 2830 quibus
829 2766 919 2810 arma
934 2746 1019 2828 tulit,
1041 2746 1153 2812 hostes
1177 2747 1279 2833 quiin
1296 2747 1432 2833 pignore
1448 2744 1594 2832 praebet.
1611 2779 1653 2789 —

618 2847 702 2912 alter
724 2859 796 2914 erat
819 2849 938 2930 senior,
962 2850 1017 2936 qui
1039 2857 1149 2916 natam
1172 2849 1312 2937 perculit
1335 2871 1424 2916 ense.

464 2965 516 3022 345
543 2965 603 3036 (sar)
622 2951 750 3037 quando
775 2951 888 3019 dolens
911 2954 1040 3040 genitor
1063 2955 1212 3042 planctus
1236 2954 1277 3020 de
1301 2955 1436 3041 pignore
1460 2952 1559 3019 feeit?

620 3055 768 3122 adlectus
791 3058 933 3144 perimit,
958 3080 999 3124 ne
1023 3057 1270 3125 condemnanda
1291 3057 1392 3124 libido

618 3160 749 3226 tolleret
771 3161 915 3247 ingenua
939 3183 1013 3228 cum
1036 3162 1189 3230 libertate
1212 3163 1381 3250 pudorem.

619 3285 719 3330 eausa
740 3265 915 3353 pudicitiae
938 3274 1076 3334 naturae
1098 3269 1171 3333 iura
1192 3267 1332 3351 diremit,

618 3367 781 3435 libertatis
804 3391 896 3436 amor
917 3371 996 3436 vicit
1018 3372 1150 3459 pietatis
1174 3393 1330 3438 amorem.

463 3487 515 3544 350
543 3490 602 3557 (00)
620 3473 780 3540 inmemor
802 3474 876 3540 hinc
898 3475 1029 3560 generis
1051 3476 1169 3558 lactus,
1194 3497 1259 3541 non
1282 3477 1442 3541 inmemor
1464 3472 1576 3554 Vrbis,

618 3578 789 3663 sanguinis
812 3579 932 3644 oblitus
955 3579 1036 3645 feeit
1058 3579 1099 3645 de
1122 3587 1215 3666 patre
1238 3599 1423 3645 novercam.

618 3682 752 3768 virginis
776 3684 917 3749 eximiae
941 3690 1036 3771 pater
1058 3685 1178 3770 impius
1203 3705 1276 3750 esse
1301 3689 1440 3765 recusat,

618 3807 660 3851 ne
684 3786 726 3850 sit
748 3808 828 3852 avus
851 3787 981 3865 famuli;
1003 3787 1129 3874 pondus
1152 3787 1288 3853 dicionis
1311 3788 1467 3854 honestas

619 3890 781 3972 extimuit,
806 3891 944 3957 formido
967 3891 1029 3957 fuit
1051 3892 1177 3957 lasciva
1200 3892 1350 3977 voluptas

463 4007 514 4066 335
541 4009 601 4078 (00)
619 3993 816 4080 illicitosque
840 4001 929 4060 toros
952 3996 1095 4062 obsceno
1119 3995 1253 4061 crimine
1277 4003 1389 4082 captos

618 4097 743 4164 horruit
766 4100 884 4164 iratus:
908 4101 1050 4186 gemitus
1074 4101 1195 4166 virtute
1219 4099 1338 4165 doloris

617 4202 702 4268 ludit
723 4203 861 4290 virginei
886 4204 1090 4270 truculentus
1114 4204 1238 4270 funeris
1262 4204 1370 4286 heres,

616 4307 779 4373 libertatis
803 4307 908 4373 honos
932 4309 1052 4374 solacia
1074 4309 1258 4396 planetibus
1281 4309 1358 4394 egit.

618 4411 730 4476 militis
754 4412 871 4477 armeti
893 4419 1020 4478 tantum
1043 4414 1190 4500 potuisse
1214 4412 1359 4479 dolorem

462 4530 514 4588 300
540 4529 600 4600 (aso)
618 4516 774 4580 miramur
796 4515 917 4603 populi,
942 4517 1018 4604 quia
1040 4523 1155 4603 captus
1179 4538 1290 4583 amore
1313 4515 1446 4604 pudoris

307 4790 359 4844 324
382 4793 478 4846 brucus
494 4792 521 4844 B
607 4791 658 4847 325
676 4795 741 4846 Oror
757 4794 791 4861 B,
809 4812 877 4847 corr.
890 4793 936 4844 M·
1023 4791 1120 4862 oui(ur)
1139 4795 1171 4860 Β,
1190 4812 1257 4848 corr.
1271 4795 1301 4846 ll
1387 4793 1438 4847 327
1456 4796 1614 4848 castissimus
1631 4801 1722 4846 auctor
1740 4793 1772 4858 Β,
1791 4811 1858 4845 corr.

204 4879 319 4931 Areoolo
404 4877 456 4932 328
473 4889 542 4933 caste
555 4880 587 4946 B,
606 4899 674 4934 corr.
690 4881 723 4931 M
730 4879 741 4912 ⁸
827 4879 878 4932 329
896 4879 926 4932 lfa
943 4883 1066 4933 maritalis
1081 4882 1120 4946 Β,
1139 4884 1240 4934 correxi
1263 4883 1336 4948 (olim
1353 4882 1443 4946 Fama)
1523 4879 1576 4934 334
1592 4882 1722 4949 perfundit
1738 4880 1771 4946 Β,
1790 4897 1858 4932 corr.

206 4965 252 5014 M·
339 4963 391 5018 335
409 4965 555 5031 00000300)
574 4967 620 5033 (00)
643 4969 737 5020 sobolis
756 4968 789 5032 Β,
813 4985 880 5019 corr.
893 4967 924 5017 Μ
930 4966 941 4998 ⁸
1033 4966 1085 5020 343
1103 4985 1163 5019 0000
1185 4969 1296 5020 conicias
1313 4971 1422 5037 pignora
1507 4970 1631 5036 praebent
1647 4968 1680 5034 B,
1699 4985 1765 5018 corr.
1788 4966 1813 5016 V

203 5051 255 5104 344
273 5053 390 5120 natum)
402 5055 434 5119 B,
454 5071 521 5105 corr.
532 5052 646 5106 Arcoalo
716 5052 767 5107 346
785 5052 913 5118 Ρ(οτ)40040
930 5055 1039 5106 affectus
1059 5055 1119 5117 (eds.
1132 5055 1181 5121 13²)
1193 5055 1226 5120 B,
1246 5073 1313 5107 corr.
1326 5055 1440 5107 Areooto
1511 5053 1714 5122 conde(m)pn(a)
1733 5054 1813 5106 liuido
1826 5053 1858 5117 B,

204 5139 332 5191 cormdss
402 5139 641 5210 347403000οΜ*
658 5141 817 5209 ingendiaB
874 5141 970 5208 pudore
983 5141 1016 5205 Β,
1028 5158 1095 5192 corr.
1109 5141 1143 5190 M
1212 5139 1263 5192 349
1275 5143 1356 5194 040040
1368 5142 1401 5206 Β,
1412 5159 1479 5194 corr.
1492 5141 1605 5194 Arcoolo
1679 5141 1728 5193 351
1742 5147 1814 5207 parte
1825 5139 1859 5202 Β,

204 5242 272 5277 corr.
286 5227 322 5276 M
386 5226 438 5280 353
457 5231 570 5283 famulus
583 5227 967 5295 B‚eorr.1lreoolo,·samulis
988 5228 1095 5278 Glauct-
1164 5225 1216 5279 356
1234 5229 1313 5280 iratos
1331 5227 1364 5293 Β,
1383 5245 1449 5280 corr.
1464 5227 1577 5280 Areoolo
1647 5226 1697 5280 353
1716 5228 1812 5278 Fundit
1825 5225 1857 5292 B,

204 5329 273 5364 corr.
287 5313 400 5368 arevalo
469 5317 544 5370 heres
562 5335 611 5368 om.
624 5315 671 5382 13¹,
696 5315 758 5366 odd
772 5313 811 5365 B·
897 5311 948 5366 358
965 5314 1049 5366 honus
1071 5314 1103 5375 B,
1127 5315 1235 5379 correxi,
1258 5331 1322 5381 opus
1345 5313 1458 5366 Areoolo
1545 5312 1597 5366 360
1615 5316 1742 5366 Mirantur
1759 5313 1792 5364 Μ
1796 5313 1806 5344 ¹

307 5537 359 5593 323
377 5537 436 5594 Lo.
450 5549 472 5608 1,
488 5547 554 5608 59,1
571 5538 678 5610 regiam
691 5536 822 5593 iniuriam
834 5541 858 5591 et
869 5543 886 5592 3
898 5535 987 5592 scelus
1005 5535 1114 5606 regium
1183 5537 1235 5593 339
1263 5536 1309 5592 00.
1321 5538 1394 5605 epist.
1408 5545 1430 5604 7,
1445 5542 1490 5591 134
1503 5535 1564 5592 nati
1577 5536 1681 5591 timeris
1694 5542 1793 5596 auctor
1804 5540 1858 5597 eris

238 5642 291 5698 343
308 5643 409 5698 nimius
421 5644 504 5698 Bruti
521 5661 595 5700 amor
604 5645 714 5714 potrr'oc
733 5660 766 5698 ea
781 5643 846 5710 tiliis
862 5642 913 5696 abi
924 5641 989 5709 fecit
1000 5643 1094 5697 000000.
1120 5643 1154 5710 cs.
1169 5643 1246 5698 Rom.
1258 5641 1284 5696 V
1294 5650 1310 5697 7
1319 5660 1426 5708 necare,
1446 5658 1496 5712 pro
1514 5640 1616 5710 quibus
1628 5659 1707 5700 arma
1725 5645 1793 5700 tulit
1805 5648 1858 5714 (96)
