4554 6396
981 382 1184 439 DRAOONTII
1219 381 1455 440 snulsunculo

737 575 771 630 65
789 559 879 646 aspis
902 559 1002 625 habet
1024 565 1156 642 mortes,
1180 557 1281 625 hebet
1303 563 1337 624 et
1358 557 1576 624 medicamina
1598 577 1743 644 serpens,

831 665 945 751 ripere
968 683 1068 751 saepe
1092 663 1192 745 iuvat,
1215 663 1329 748 vipera
1351 683 1450 748 saepe
1473 667 1580 727 nocet

790 787 886 833 cerva
908 769 1069 833 solutares
1091 772 1186 854 pasto
1208 771 1360 854 serpente
1382 766 1542 831 medullas

833 870 964 936 conficit
986 876 1019 936 et
1040 871 1167 957 pellunt
1189 870 1262 958 ipsa
1284 891 1412 936 venena
1433 891 1542 937 neces.

788 976 942 1041 materies
964 975 1041 1040 lerri
1065 975 1205 1063 simplex
1228 979 1262 1041 et
1284 975 1383 1040 noxia
1404 974 1516 1055 fertur,

736 1094 771 1151 70
831 1080 949 1166 impius
972 1080 1047 1146 inde
1070 1085 1179 1163 nocet,
1201 1079 1342 1144 rusticus
1364 1078 1440 1144 inde
1463 1079 1582 1165 placet.

787 1181 859 1269 ipsa
881 1185 967 1271 perit
988 1205 1135 1270 gemmas
1157 1185 1316 1270 pretiosor
1339 1187 1427 1249 terra
1448 1181 1590 1269 lapillos,

832 1287 905 1373 ipsa
927 1287 983 1354 dat
1006 1293 1041 1354 et
1063 1307 1180 1375 vepres
1204 1287 1318 1375 spinea
1340 1287 1430 1372 ligna
1451 1307 1553 1351 rosas.

788 1390 924 1458 delicias
947 1398 1135 1478 mortesque
1158 1397 1252 1478 perat
1274 1412 1364 1457 mare
1387 1390 1540 1456 fluctibus
1563 1389 1676 1471 altum,

831 1501 864 1560 et
885 1503 1024 1582 generat
1044 1495 1155 1583 pelagi
1178 1495 1314 1561 concula
1335 1493 1474 1562 divitias.

736 1619 770 1674 75
788 1619 866 1668 aera
889 1600 1065 1688 temperies
1089 1600 1177 1664 euris
1199 1598 1354 1664 vitalibus
1378 1603 1480 1684 aptat,

727 1697 731 1704 ’
832 1725 916 1792 ques
939 1710 1091 1791 corrupta
1113 1703 1184 1768 dies
1207 1702 1303 1789 eripit
1324 1707 1423 1788 atque
1446 1701 1581 1768 animes.

790 1831 908 1897 aspera
929 1809 982 1875 rel
1004 1807 1108 1873 fecilis
1130 1807 1250 1872 retinet
1272 1811 1392 1872 nature
1412 1806 1577 1871 volucres:

831 1897 953 1980 lilnnda
975 1911 1127 1978 columba
1148 1911 1218 1976 avis
1242 1916 1301 1993 eet,
1324 1929 1443 1997 aspera
1464 1911 1574 1976 vultur
1597 1911 1677 1976 avis.

787 2017 927 2116 nulpibue
950 2016 1094 2101 aggestis
1117 2014 1248 2101 pluviae
1271 2013 1329 2078 nix
1351 2012 1475 2098 grando
1498 2001 1635 2100 pruinae

736 2139 771 2196 eo
831 2122 1018 2209 gignuntur,
1041 2119 1167 2185 vicibus
1190 2119 1267 2204 igne
1291 2130 1419 2204 vapore
1435 2119 1521 2204 gelu.

791 2228 840 2292 sol
863 2227 920 2292 dat
941 2225 1130 2311 temperies,
1154 2225 1279 2310 species
1301 2225 1488 2308 gratissime
1510 2223 1634 2305 mundi,

832 2337 950 2397 cuncta
971 2327 1112 2395 creanda
1134 2349 1264 2415 perans,
1289 2334 1407 2393 cuneta
1429 2334 1540 2394 creata
1562 2329 1692 2402 fovens;

789 2455 847 2522 per
870 2455 966 2521 quem
989 2433 1072 2498 fetet
1094 2433 1212 2498 humus
1235 2433 1332 2498 flores
1356 2439 1390 2498 et
1412 2434 1528 2499 messis
1552 2433 1679 2517 aristas,

833 2538 901 2604 sole
923 2543 1075 2624 perustus
1099 2557 1179 2622 ager
1201 2536 1304 2622 putris
1328 2535 1451 2602 harena
1473 2537 1570 2602 iacet.

736 2658 771 2714 85
789 2662 924 2728 corpore
946 2641 995 2706 sol
1017 2639 1121 2706 reficit
1142 2639 1242 2704 radiis
1266 2647 1299 2704 et
1321 2659 1458 2727 corpora
1480 2646 1590 2724 vexat,

833 2745 957 2810 solibus
979 2744 1115 2809 alternis
1137 2745 1226 2829 itque
1249 2743 1399 2830 reditque
1424 2744 1524 2810 salus.

789 2853 900 2918 omnia
920 2873 983 2918 nec
1005 2851 1093 2915 male
1115 2857 1191 2915 sunt
1213 2871 1275 2916 nec
1298 2857 1373 2916 suut
1395 2850 1480 2916 bona
1500 2851 1609 2917 sidera
1631 2853 1731 2918 caeli:

837 2956 970 3022 Lucifer
992 2955 1055 3020 hoc
1077 2953 1198 3036 docuit,
1222 2953 1325 3020 Sirius
1348 2954 1410 3020 hoo
1434 2957 1568 3024 monuit.

788 3061 963 3148 temperies
987 3058 1070 3125 coeli
1092 3059 1234 3125 medium
1257 3079 1319 3124 nec
1342 3059 1489 3146 possidet
1512 3061 1636 3142 orbem,

737 3182 772 3238 90
831 3185 907 3230 nam
930 3164 971 3230 de
994 3165 1136 3249 quinque
1157 3164 1264 3250 plagis
1289 3164 1344 3228 vix
1367 3163 1468 3230 habet
1489 3166 1564 3252 ipsa
1586 3165 1678 3234 dues.

791 3268 877 3354 quod
901 3269 1038 3350 coelum,
1062 3266 1147 3353 quod
1169 3273 1267 3350 terre,
1290 3267 1419 3353 fretum,
1442 3267 1529 3355 quod
1550 3270 1662 3356 purior
1682 3289 1740 3334 aer

833 3393 899 3438 non
922 3392 1070 3438 meruere
1095 3372 1201 3453 simul,
1226 3371 1286 3456 hoo
1308 3371 1407 3436 homo
1430 3371 1560 3458 quando
1583 3373 1725 3438 habeat?

790 3476 887 3564 culpe
908 3476 988 3541 milri
1010 3475 1118 3540 fuerat
1140 3465 1287 3540 dominos
1309 3475 1447 3541 reticere
1471 3474 1634 3542 modestos

831 3582 1044 3666 ignotumque
1067 3577 1147 3643 mihi
1170 3579 1313 3645 scribere
1336 3579 1395 3645 vel·
1414 3577 1592 3660 dominum,

737 3704 771 3759 95
790 3685 893 3772 qualis
916 3689 950 3749 et
971 3684 1116 3770 ingratos
1140 3685 1296 3769 sequitur,
1321 3683 1375 3769 qui
1398 3689 1510 3750 mente
1532 3684 1679 3770 prosena,

832 3786 1094 3855 cum'dominum
1115 3793 1243 3872 norunt,
1266 3786 1356 3852 idole
1377 3807 1462 3854 vena
1485 3789 1604 3853 colunt.

788 3894 1032 3961 Israhelitarum
1056 3891 1213 3979 populum
1236 3892 1283 3956 sie
1307 3891 1402 3978 eulpa
1424 3893 1567 3974 tenebat,

833 3996 963 4085 quando
989 3996 1085 4062 deum
1109 3995 1230 4060 oblitus
1254 3994 1341 4060 flens
1364 3995 1501 4060 vitulum
1526 3995 1635 4061 coluit.

789 4109 822 4168 et
844 4108 955 4166 tamen
977 4099 1127 4185 indulges
1151 4100 1281 4165 veniam
1303 4098 1523 4185 poscentibus,
1547 4105 1672 4183 auctor,

722 4223 772 4282 100
835 4206 862 4272 si
886 4206 1022 4271 sceleris
1044 4204 1123 4269 facti
1144 4224 1237 4269 mens
1260 4224 1318 4268 rea
1339 4203 1515 4290 paeniteat.

789 4315 823 4375 te
845 4329 971 4396 precor,
995 4307 1211 4394 omnipotens,
1234 4312 1267 4372 te
1283 4326 1381 4392 quem
1397 4306 1494 4373 decet
1510 4328 1583 4373 esse
1598 4307 1787 4394 benignum,

833 4433 930 4496 quem
955 4431 1022 4476 nou
1045 4409 1112 4476 ullo
1134 4410 1224 4474 iuvet
1246 4409 1336 4494 ultio,
1360 4409 1419 4478 sed
1442 4411 1547 4492 venia,

496 4640 530 4694 66
554 4648 630 4694 nocet
650 4649 712 4707 port
735 4657 825 4692 erasos
849 4645 866 4691 4
891 4639 989 4690 litterar
1015 4637 1138 4704 scriptum
1164 4645 1310 4690 otrcnmoto
1335 4637 1447 4690 clariore
1471 4637 1499 4688 D
1601 4636 1634 4691 67
1660 4641 1787 4694 medullas
1811 4639 1852 4708 D,
1879 4640 2002 4694 medellas
2027 4640 2053 4692 V

427 4725 461 4780 69
479 4727 605 4792 lerturV‚
631 4733 731 4780 constat
755 4726 821 4794 uoq.
910 4723 944 4777 75
961 4725 1033 4777 auris
1057 4742 1125 4777 corr.
1148 4724 1176 4775 in
1198 4725 1257 4776 nuri
1276 4723 1301 4774 V
1383 4733 1445 4791 port
1468 4716 1510 4777 80·
1527 4725 1612 4794 deficit
1633 4725 1660 4776 D
1749 4725 1783 4780 81
1806 4737 1869 4796 palo
1891 4729 2047 4797 temperiem,

393 4815 428 4883 cs.
448 4815 515 4882 unq.
538 4813 612 4866 codd.
708 4811 743 4866 88
761 4816 847 4882 syrius
866 4813 892 4864 V
979 4811 1013 4865 94
1036 4813 1079 4866 uel
1102 4811 1133 4878 V,
1156 4829 1205 4865 nec
1227 4811 1308 4880 Eup..
1332 4829 1381 4865 ocu
1403 4812 1484 4864 Doto
1588 4810 1623 4865 98
1651 4815 1715 4865 dens
1732 4815 1769 4866 ric
1790 4814 1818 4882 V,
1843 4817 1910 4868 flans
1933 4815 2047 4869 Areoalc

427 4899 461 4954 99
478 4902 617 4970 indulgens
632 4898 739 4970 VEup,
758 4919 825 4955 corr.
843 4901 966 4966 Areoalo,
984 4901 1031 4952 Est
1048 4906 1135 4953 tamen
1152 4899 1291 4967 indulgens
1309 4899 1450 4968 Rosciam
1467 4901 1519 4952 Dat
1537 4907 1625 4953 temen
1642 4901 1779 4969 indulgens
1797 4901 1926 4955 Bdclrelcr

496 5123 530 5180 65
554 5138 577 5180 o.
594 5121 653 5178 iod.
672 5138 693 5178 r.
710 5139 733 5179 o.
756 5140 870 5194 serpens
967 5122 1001 5178 69
1027 5120 1136 5178 Letoon.
1151 5129 1174 5191 6,
1189 5128 1237 5178 673
1259 5121 1334 5179 cervi
1356 5125 1456 5194 pestes
1481 5123 1610 5194 serpente
1637 5121 1790 5190 medullee;
1814 5123 1945 5192 ofiDrcc.
1959 5131 1982 5194 9,
1998 5130 2049 5180 989
2105 5122 2109 5129 “

428 5227 462 5282 ’12
482 5227 527 5282 Oo.
548 5243 611 5281 rem.
629 5233 664 5282 45
682 5229 757 5283 terre
775 5227 913 5284 salutares
936 5226 1037 5283 herbas
1060 5225 1212 5296 eademque
1231 5230 1361 5284 nocentes
1383 5225 1473 5282 nutrit
1496 5229 1526 5283 et
1549 5227 1657 5284 urticae
1676 5227 1804 5299 proxima
1821 5245 1906 5299 saepe
1923 5245 1986 5284 rosa
2004 5229 2048 5284 est

428 5331 462 5385 rr
480 5331 516 5398 es.
535 5339 557 5398 1,
570 5338 620 5386 ree
689 5330 724 5386 re
743 5330 789 5388 oe.
802 5348 853 5386 am.
867 5337 891 5400 ι,
907 5338 931 5396 e,
947 5338 981 5386 ce
1006 5331 1111 5386 sunu
1135 5331 1264 5388 columba
1350 5332 1384 5389 eo
1397 5309 1511 5401 sqqsef.
1534 5330 1650 5387 oemc.
1664 5341 1686 5401 1,
1700 5341 1796 5402 seseq.
1883 5333 1915 5388 or
1935 5331 1971 5398 cf.
1988 5331 2047 5387 rea.

392 5449 449 5490 ao.
468 5435 576 5490 caelum
658 5434 693 5490 93
712 5435 747 5502 cs.
766 5435 849 5492 Drac.
866 5434 927 5492 VII
942 5443 975 5491 70
1070 5437 1105 5493 96
1124 5435 1248 5492 Enooki.
1267 5437 1331 5507 Nep.
1351 5436 1441 5491 Hlud.
1460 5443 1484 5505 2,
1494 5441 1545 5492 337
1565 5435 1743 5506 deseruitque
1760 5436 1842 5492 deum
1849 5477 1856 5503 ,
1875 5433 1963 5491 coluit
1982 5453 2048 5492 mox

393 5540 471 5597 idola
491 5555 564 5596 vana
650 5539 684 5595 98
702 5539 769 5596 flens
786 5539 925 5610 ‘caedum
942 5540 1072 5596 demam
1090 5542 1252 5612 Aepyptum,
1271 5541 1305 5608 cs.
1318 5557 1393 5596 noro.
1406 5549 1443 5614 11,
1457 5549 1482 5597 4.
1500 5548 1539 5596 10.
1565 5557 1623 5598 non
1639 5547 1735 5611 sponte
1739 5582 1748 5611 ,
1770 5539 1816 5596 sed
1834 5539 1923 5610 pressa·
1939 5538 2048 5595 colomi-

394 5649 448 5700 tate
461 5647 609 5712 pcocorrmt
627 5641 742 5698 Iudoci'
759 5645 889 5700 Baetem
975 5647 1009 5703 99
1027 5645 1059 5712 cf.
1077 5652 1102 5714 9,
1117 5653 1230 5714 oceano.
1319 5645 1368 5703 102
1386 5643 1424 5699 cd
1441 5653 1464 5714 1,
1477 5651 1509 5700 99
