4568 6396
410 386 487 443 XLII
1131 385 1346 444 PRAEFATIO.

280 571 378 638 Ltps.
513 560 607 628 codex
629 561 851 646 Lipsiensis
870 562 951 646 bpbt.
967 565 1064 629 senat.
1081 559 1242 628 XLVIII
1260 560 1443 627 saecXIP'
1464 559 1656 646 (Naumann
1672 563 1765 628 cabul.
1784 583 1818 646 p.
1835 565 1901 648 17).
1939 565 2072 630 contulit

409 667 532 748 Peiper.
559 665 650 731 babet
673 664 732 750 foi.
753 668 795 730 31
814 685 879 748 sqq.
907 666 982 732 baec
1007 667 1168 732 cornino:
1194 667 1225 732 1.
1253 667 1285 730 2.
1315 668 1346 730 3.
1377 669 1409 732 4.
1437 667 1490 732 97.
1517 669 1569 732 16.
1616 672 1832 750 praecesserat
1853 666 1914 753 foi.
1930 669 1992 734 27Γ
2018 668 2070 735 Ne

408 773 517 836 vinum
541 769 744 836 inmoderato
768 769 908 854 bibatur,
931 771 954 835 i.
975 773 1108 836 carnuti
1129 792 1160 837 3.
1176 771 1292 836 1-10.

260 903 379 957 nrum.
512 883 606 949 codec
619 882 891 948 Bruxeliensis
906 883 1008 966 Burp.
1025 885 1199 947 8869-67
1213 901 1292 948 saec.
1304 881 1360 961 X··,
1375 881 1539 963 descripsit
1552 881 1595 946 Ε.
1606 879 1782 960 66333733,
1797 882 1840 948 Ν.
1850 882 1893 952 Α.
1906 882 1965 948 IV
1976 885 2071 964 1879,

404 1008 436 1069 p.
451 987 513 1052 155
525 1006 601 1069 sqq,
615 985 809 1068 Bapeniana
823 986 954 1051 contulit
968 986 1092 1068 Perper.
1108 987 1219 1052 insunt
1232 986 1324 1051 boec:
1340 984 1401 1071 fot.
1412 988 1456 1050 33
1473 985 1526 1051 Do
1542 985 1724 1050 sobrietate
1740 986 1886 1051 cavenda
1901 989 2012 1070 (canu.
2026 990 2071 1072 6),

406 1095 468 1156 33·
489 1090 574 1156 Item
596 1096 710 1155 eontra
732 1089 898 1175 crapulam
929 1095 1039 1171 (carne.
1057 1092 1092 1166 7)
1114 1092 1144 1154 et
1165 1089 1223 1155 sub
1244 1089 1335 1154 tituto
1357 1087 1521 1174 Prooepta
1544 1088 1657 1154 salutis
1683 1109 1779 1154 carm.
1793 1092 1825 1168 2,
1846 1090 1904 1172 sol.
1919 1091 1980 1153 35·
2001 1091 2072 1156 sine

407 1196 498 1260 tituto
519 1215 614 1260 carm.
632 1195 661 1273 1,
682 1193 738 1275 sot.
753 1194 815 1257 45·
838 1194 879 1259 de
899 1195 1142 1260 annuntiatione
1158 1194 1271 1258 ruinae
1294 1194 1405 1277 (carm.
1423 1192 1468 1272 5),
1486 1191 1547 1278 fol.
1564 1195 1624 1257 63⁹
1645 1192 1793 1259 Distioon
1815 1194 1849 1258 in
1870 1192 2070 1280 phylomella

406 1300 518 1381 (carm.
535 1299 687 1378 30-33),
709 1297 852 1379 dispersa
874 1298 959 1362 inter
979 1299 1124 1363 camnine
1148 1297 1370 1364 Carolinorurn
1389 1301 1554 1378 poetarum
1575 1300 1606 1361 et
1625 1297 1853 1379 antiqmorum.

509 1414 631 1475 restant
648 1410 705 1492 qui
726 1409 887 1492 complura
902 1410 1029 1493 Eapeni
1043 1410 1188 1476 carmina
1203 1409 1370 1474 eabibeant
1385 1413 1449 1475 tres
1463 1407 1594 1474 codIces:
1617 1409 1912 1492 Rotomapensis
1926 1409 2070 1494 (Ranae)

407 1517 492 1578 1479
513 1512 566 1598 (Ο.
583 1514 641 1597 32)
663 1533 742 1580 saec.
757 1513 805 1599 Χ)
812 1513 869 1578 XI
872 1515 882 1552 ⁸'
903 1513 1078 1596 descriptus
1096 1513 1197 1580 Catal.
1211 1516 1282 1596 pen.
1304 1511 1390 1578 ms.
1406 1509 1430 1578 I
1443 1534 1478 1594 p.
1492 1515 1566 1590 440,
1587 1513 1623 1576 in
1637 1533 1698 1596 quo
1718 1513 1773 1594 fot.
1791 1514 1832 1578 79
1851 1517 1923 1595 post
1940 1514 2071 1579 Catonis

405 1617 541 1682 disticha
563 1618 709 1700 lepuntur
729 1617 804 1682 baec
826 1617 936 1682 verba:
959 1617 1078 1704 Incipit
1102 1618 1231 1704 quintus
1253 1618 1445 1682 invectionis
1466 1617 1500 1681 in
1523 1616 1648 1682 ebrium
1670 1617 1724 1682 vel
1744 1619 1942 1682 insensatum
1957 1638 2016 1683 seu
2037 1618 2070 1681 in

407 1721 560 1807 pinguem
579 1726 678 1806 etque
695 1720 841 1801 divitem,
857 1727 1005 1787 secuntur
1020 1741 1118 1788 earm.
1135 1725 1156 1785 6
1171 1726 1200 1787 et
1215 1726 1244 1799 7,
1267 1721 1485 1801 interpositum
1500 1725 1604 1786 tamen
1619 1739 1684 1785 esse
1698 1721 1793 1786 etiam
1806 1721 1829 1783 2
1840 1720 2002 1802 probabile
2016 1725 2069 1800 est,
2206 1711 2207 1714 ¹

408 1825 478 1889 licet
492 1825 654 1907 catalopus
678 1825 747 1889 eius
761 1825 947 1890 mentionem
967 1844 1033 1890 non
1050 1825 1166 1910 faciat.
1204 1823 1310 1890 eadem
1326 1823 1429 1889 eodem
1445 1823 1555 1888 ordine
1570 1824 1715 1888 earmina
1735 1823 1828 1889 babet
1841 1823 2070 1908 Propensis,

408 1927 488 2009 bpbl.
510 1929 649 1993 univers.
675 1927 766 1992 VIII
785 1927 822 1992 H
840 1930 860 1992 7
881 1947 960 1994 saec.
984 1927 1061 1993 XII
1067 1929 1077 1967 ¹¹
1094 1927 1155 2013 fol.
1176 1931 1207 2007 2,
1230 1950 1258 1992 3.
1275 1926 1357 1992 Abb.
1373 1926 1402 1991 d.
1419 1925 1518 1993 boum.
1537 1927 1610 1994 Ges.
1631 1925 1662 1994 d.
1679 1927 1774 1994 Wiss.
1799 1931 1828 1992 6.
1841 1927 1939 2012 Folpe
1962 1927 2068 1994 3133.

408 2031 497 2115 Prap
519 2033 606 2096 1872
621 2051 657 2112 p.
673 2032 726 2109 38,
752 2031 825 2096 item
855 2029 1209 2096 Helberstadensis
1239 2029 1426 2115 Domppmn.
1457 2033 1499 2093 71
1528 2029 1702 2095 saec.XV¹'
1731 2031 1789 2096 sub
1817 2031 1907 2096 titulo
1933 2030 2070 2096 Ovidius

408 2137 497 2202 Naso
521 2135 563 2202 de
585 2135 717 2202 Baooho
740 2135 781 2217 cf.
802 2135 1014 2216 Wattenbacb,
1037 2135 1243 2220 Aneeiperf.
1265 2135 1384 2200 Kande
1405 2133 1566 2200 deutscber
1588 2133 1708 2200 Voreeit
1733 2135 1790 2214 25,
1814 2137 1913 2214 1878,
1936 2155 1972 2216 p.
1994 2137 2069 2200 319.

271 2283 379 2340 Hm,
512 2247 765 2314 Harieianus
787 2247 881 2313 codea
901 2249 987 2312 3685
1010 2266 1088 2313 saec.
1104 2245 1193 2326 XV‘,
1217 2247 1290 2312 otim
1314 2246 1583 2330 Peutinpenanns
1609 2255 1652 2328 (u.
1669 2245 1845 2326 Dunmter,
1867 2246 2020 2313 Zeitsebr.
2038 2244 2069 2331 f.

406 2352 540 2418 deutscb.
562 2352 721 2418 Altertum
743 2351 835 2418 XXI
857 2354 899 2416 84
925 2351 970 2417 N.
982 2353 1024 2417 A.
1040 2351 1099 2416 IV
1108 2353 1173 2415 108
1187 2371 1233 2434 sq.
1256 2349 1342 2416 Poet.
1364 2371 1430 2416 aec.
1458 2349 1563 2416 Oarol.
1579 2352 1603 2415 I
1612 2372 1649 2434 p.
1664 2353 1723 2436 32)
1744 2351 1828 2416 inter
1849 2351 1942 2415 caria
1963 2349 2069 2414 vario·

405 2476 478 2520 rum
500 2455 643 2537 dispersa
665 2456 809 2521 carmina
830 2457 966 2522 continet
983 2453 1043 2540 fot.
1059 2460 1099 2522 2⁰
1120 2456 1202 2539 Eup.
1226 2476 1321 2522 carm
1338 2456 1381 2519 97
1402 2459 1432 2520 et
1448 2455 1508 2541 fol.
1527 2460 1565 2520 6⁰
1591 2476 1687 2522 canu.
1703 2459 1747 2520 37
1769 2456 1810 2520 do
1834 2475 1893 2522 sex
1916 2453 2070 2540 operibus

407 2559 470 2625 dei.
515 2560 571 2624 boc
586 2560 798 2640 praetermisi,
820 2560 904 2626 illud
924 2560 1003 2624 mibi
1024 2560 1156 2625 contulit
1180 2560 1220 2624 G.
1235 2559 1277 2625 F.
1301 2559 1446 2626 Waneer.

304 2680 377 2734 Μαι.
511 2648 761 2730 Monacensis
787 2663 842 2728 tat.
871 2663 979 2728 18628
1000 2663 1162 2747 (Teperns.
1185 2665 1263 2748 628)
1290 2683 1370 2729 saec.
1392 2663 1461 2728 XI‘
1487 2665 1632 2748 (catatop.
1651 2663 1674 2728 I
1679 2663 1748 2728 Vs
1770 2683 1806 2744 p.
1828 2663 1907 2746 191)
1924 2664 2071 2744 praestat

402 2766 462 2852 fol.
475 2769 535 2830 91·
558 2766 600 2832 de
624 2765 739 2833 decem
754 2767 860 2852 plagis
874 2767 1031 2852 Aegyptii
1054 2775 1164 2850 (carm.
1176 2769 1243 2844 38),
1267 2765 1472 2832 ebtnmetron
1493 2767 1535 2833 de
1549 2767 1726 2853 primordio
1740 2765 1853 2831 mundi
1875 2771 1985 2849 (carm.
2001 2767 2069 2844 37),

406 2872 549 2954 sequitur
562 2872 708 2937 mutilato
730 2872 766 2935 in
784 2869 867 2956 folio
882 2889 977 2935 carm.
993 2870 1044 2947 42,
1068 2869 1152 2932 1-5
1175 2869 1348 2950 3173693Γ
1372 2869 1514 2936 debono
1537 2872 1627 2957 paoio
1643 2872 1756 2955 (carm.
1773 2873 1818 2951 4).
1857 2871 1923 2950 ipse
1938 2867 2066 2934 contuli.

264 2991 378 3061 1333).
509 2983 702 3049 Bernensi
707 3001 723 3047 s
737 2985 781 3046 36
802 3001 881 3048 saec.
899 2982 947 3066 Χ)
953 2981 1013 3047 ΧΙ
1015 2983 1025 3021 ·’
1046 2982 1221 3063 descriptus
1235 2983 1275 3047 ab
1291 2981 1334 3051 Η.
1346 2980 1462 3067 Hapen
1483 2983 1660 3062 (Anecdota
1674 2983 1766 3048 Helo.
1783 3004 1820 3069 p.
1838 2979 2068 3064 OXXXXVI)

409 3087 465 3152 dat
475 3086 536 3173 fol.
554 3089 618 3151 138
632 3087 777 3152 carmina
797 3085 835 3150 de
847 3085 1017 3167 philomela
1032 3085 1131 3168 (Eup.
1148 3087 1302 3170 30-33),
1325 3106 1406 3168 quae
1427 3091 1576 3152 securatur
1595 3086 1690 3150 iidem
1711 3106 1819 3152 333333
1840 3105 1918 3168 quos
1932 3107 1968 3166 p.
1985 3084 2076 3150 XLI

406 3221 445 3266 a
471 3199 742 3280 oeusmpsmus.
784 3198 1115 3278 3333331333
1137 3197 1594 3264 [33313033333333
1613 3197 1750 3264 aneni
1771 3197 1960 3263 noannn
1982 3173 2068 3280 nei,

405 3304 458 3369 eui
479 3308 583 3368 tamen
609 3302 735 3367 subdita
760 3306 806 3366 est
832 3301 899 3367 sola
922 3300 1101 3387 praefatio,
1131 3303 1182 3368 nil
1209 3303 1309 3370 alind.
1358 3302 1478 3368 contuli
1506 3302 1573 3384 ipse
1595 3300 1846 3387 praefaticnern,
1874 3303 1911 3366 in
1936 3302 2070 3384 reliquis

404 3407 574 3492 Hapenunr
596 3410 717 3472 secretus
738 3425 816 3470 sum.

507 3517 719 3585 Parisinus
738 3517 818 3604 bybi.
834 3517 1008 3583 Materiae
1022 3517 1087 3583 512
1101 3535 1179 3584 saec.
1196 3517 1255 3582 XI
1256 3519 1265 3557 ⁶
1286 3516 1341 3598 sot.
1354 3521 1418 3582 134
1432 3517 1522 3584 babet
1537 3536 1662 3584 carruca
1673 3517 1703 3596 2,
1721 3516 1876 3603 fol.134⁰
1898 3537 2023 3584 cannen
2035 3520 2067 3596 3,

401 3627 567 3705 utrumque
588 3621 668 3686 mibi
688 3621 820 3687 contulit
839 3620 986 3705 chiptte.

510 3733 749 3800 Treuirensis
761 3734 845 3797 1464
860 3747 940 3800 saec.
955 3733 1004 3798 X*¹
1018 3753 1066 3800 ec.
1093 3731 1394 3818 continetfol.168·
1409 3753 1505 3800 cornu
1516 3733 1568 3812 42,
1581 3737 1656 3814 post
1669 3733 1725 3812 sot.
1737 3733 1801 3797 245
1817 3753 1913 3801 carra.
1925 3737 1954 3813 6,
1971 3737 2067 3798 1-6.

402 3839 441 3904 de
457 3839 513 3903 bis
534 3838 576 3924 ef.
599 3837 748 3917 Hucmer,
775 3838 876 3904 Wien.
900 3837 992 3903 Stud.
1009 3837 1039 3915 5,
1062 3839 1156 3916 1883,
1177 3858 1209 3918 p.
1226 3840 1290 3902 168
1300 3856 1345 3920 sq.

507 3949 779 4016 Beroiinensis
800 3948 899 4018 Pbilt.
923 3952 1009 4014 1732
1037 3969 1115 4015 saec.
1139 3949 1228 4015 ΧΠ)
1254 3949 1376 4016 exbibet
1392 3949 1453 4035 fot.
1470 3952 1534 4015 126
1562 3969 1658 4016 earne.
1674 3953 1710 4029 4,
1740 3951 1895 4028 sot.126⁰
1924 3968 2020 4015 cana.
2035 3955 2066 4028 3,

405 4060 499 4125 1-6.
544 4054 622 4118 ruiti
643 4054 775 4119 contulit
796 4052 834 4119 P.
859 4053 896 4118 de
918 4051 1119 4138 Winterfeld.

507 4168 573 4231 iam
595 4187 644 4231 eos
666 4166 782 4231 codices
803 4167 839 4228 in
861 4165 975 4246 quibus
995 4185 1060 4230 non
1075 4167 1157 4230 inest
1171 4166 1237 4230 nisi
1251 4185 1350 4229 unum
1364 4165 1491 4248 Eupeni
1512 4149 1640 4231 carmen
1659 4165 1710 4230 bio
1730 4169 1864 4246 repetere
1886 4165 2067 4247 supersedeo

403 4290 475 4337 cnm
496 4269 540 4334 ad
560 4270 687 4353 sinpula
709 4269 853 4334 carmina
875 4269 911 4332 in
934 4268 1190 4333 adnotationibus
1211 4269 1442 4350 adscripserim.

508 4386 544 4448 at
565 4401 628 4446 uno
650 4383 811 4462 conspectu
834 4401 913 4462 quae
935 4381 970 4444 in
992 4381 1043 4446 bis
1058 4382 1212 4446 codicibus
1227 4382 1373 4464 iepantur·
1387 4381 1579 4465 EupenIana
1594 4385 1803 4466 ccpnoseatur,
1825 4401 1864 4446 en
1879 4381 2066 4448 laterarias:

613 4503 640 4568 Ο
1095 4503 1233 4568 30-33,
1249 4503 1264 4585 ΙΙ
1280 4501 1389 4587 praef.
1406 4504 1435 4567 1.
1452 4505 1483 4568 2.
1505 4507 1536 4568 3.
1558 4507 1589 4570 4.
1614 4506 1643 4568 6.
1668 4507 1697 4567 7.
1721 4504 1773 4568 38.
1796 4504 1848 4566 37.
1870 4503 1924 4569 28.
1947 4504 2000 4570 42.
2024 4507 2066 4567 70

613 4607 644 4671 Τ
1096 4607 1148 4669 16.
1173 4607 1224 4670 18.
1242 4607 1258 4690 ΙΙ
1278 4605 1382 4691 praef.
1398 4610 1427 4671 1.
1451 4610 1483 4672 2.
1506 4609 1536 4671 3.
1560 4609 1590 4671 4.
1615 4611 1644 4670 6.
1669 4610 1699 4670 7.
1722 4609 1774 4671 38.
1797 4610 1848 4672 37.
1871 4606 1924 4673 28.
1948 4607 1999 4672 42.
2024 4611 2066 4671 70

1203 4711 1286 4793 (sine
1307 4731 1336 4776 o.
1352 4713 1475 4799 8-10)

610 4831 644 4898 R
1094 4829 1150 4910 sot.
1167 4834 1230 4894 141
1250 4833 1355 4913 praes.
1371 4835 1401 4897 1.
1425 4836 1455 4897 3.
1477 4837 1508 4898 4.
1531 4834 1584 4900 38.
1606 4835 1659 4896 37.
1682 4833 1734 4898 28.
1757 4832 1809 4896 42.
1834 4833 1876 4893 70

1094 4941 1152 5026 fot.
1170 4944 1233 5007 149
1257 4947 1286 5008 e.
1308 4944 1339 5008 2.
1363 4948 1385 5008 r

609 5047 698 5129 Lips.
1098 5049 1119 5111 6
1140 5067 1168 5114 3.
1185 5050 1292 5110 1-10
1317 5049 1332 5133 b
1359 5051 1391 5116 1.
1412 5049 1444 5114 2.
1467 5052 1498 5113 3.
1521 5051 1552 5114 4.
1576 5049 1627 5112 97.
1652 5052 1695 5113 16

610 5151 716 5216 Brun.
1095 5153 1124 5215 6.
1148 5154 1178 5218 7.
1200 5150 1223 5213 2
1246 5152 1262 5236 Ι)
1288 5155 1318 5216 1.
1344 5153 1360 5236 Ι)
1385 5153 1414 5216 5.
1440 5153 1456 5236 1)
1481 5154 1611 5217 39-33

609 5255 737 5320 Monac.
1089 5256 1142 5319 38.
1165 5258 1218 5322 37.
1241 5257 1293 5320 42.
1317 5259 1339 5319 4

531 5357 532 5360 ’
610 5358 772 5442 Rotomap.
793 5357 891 5442 Prap.
907 5357 1067 5425 Halberst.
1093 5362 1122 5423 6.
1145 5357 1175 5424 2.
1201 5363 1222 5422 7

609 5462 718 5531 Paris.
740 5462 828 5528 Mae.
1089 5463 1120 5527 2.
1144 5465 1165 5526 3

609 5567 705 5634 Harl.
1090 5569 1141 5632 97.
1164 5570 1208 5632 37

609 5675 709 5740 Rern.
1089 5674 1227 5738 30-33,
1248 5674 1354 5761 praef.
