4554 6396
737 361 890 420 uvuuuss
925 363 1180 423 HEXAEMERON

475 553 515 595 ⁵⁸⁰
544 539 657 606 usibus
680 539 831 605 humanis
854 539 929 606 data
953 546 1029 606 sunt
1050 542 1133 608 haec
1157 548 1274 608 cuncta
1297 545 1419 626 venire,

546 650 583 710 nt
606 644 720 710 similis
744 645 800 730 qui
821 645 928 711 laetus
952 652 1023 711 erat
1045 645 1087 712 de
1110 648 1245 733 pulvere
1269 645 1401 715 Christo

546 749 596 814 his
619 748 841 814 dominaretur
864 750 1000 833 cunctis,
1025 749 1086 815 sub
1110 771 1207 816 cerne
1231 753 1348 818 creatis

391 852 443 910 465
548 873 685 939 corpora
708 853 897 939 corporibus
921 855 1082 919 servirent
1104 861 1222 921 cuncta
1244 856 1390 924 subacta.

546 958 678 1044 spiritus
701 958 828 1024 interea
851 959 952 1024 servit
973 959 1043 1024 sins
1066 979 1200 1046 corpore
1222 967 1358 1039 ventum

476 1075 514 1118 ⁵⁸⁵
545 1067 662 1128 ventus
686 1061 756 1148 agit
777 1061 892 1144 nubes,
915 1063 949 1127 in
971 1062 1085 1128 nubila
1108 1064 1248 1131 crassior
1270 1087 1328 1131 aer

544 1167 684 1252 cogitur:
709 1167 770 1232 hoc
793 1166 915 1232 imbros
938 1167 1075 1233 veniunt
1096 1167 1326 1256 placidumque
1349 1191 1520 1250 serenum;

545 1276 663 1337 vontus
687 1271 744 1336 alit
766 1270 891 1337 fructus
915 1277 948 1336 st
970 1277 1088 1337 ventus
1112 1273 1370 1359 epinatissimus,

387 1374 441 1432 470
545 1376 684 1442 ventilet
706 1375 830 1442 aestivo
854 1395 935 1462 quas
958 1376 1037 1441 flatu
1058 1377 1188 1442 mollior
1210 1399 1306 1456 eura;

544 1479 681 1547 deflorat
703 1481 828 1546 fructus
852 1487 886 1546 et
908 1480 1034 1547 decutit
1056 1481 1173 1548 arbore
1196 1482 1309 1559 florsa;

476 1599 518 1644 ⁸⁹⁰
546 1584 675 1651 flatibus
699 1584 848 1650 accendit
870 1586 1018 1650 flammas
1043 1591 1077 1651 st
1099 1591 1264 1672 temperat
1286 1592 1408 1653 aestus.

544 1689 676 1756 flatibus
700 1690 835 1756 alternis
857 1689 997 1756 redeunt
1019 1691 1209 1756 comitantia
1232 1690 1317 1756 vitas

542 1795 634 1882 itque
657 1793 806 1880 reditque
830 1814 905 1859 suos
929 1792 1107 1880 repetendo
1132 1795 1266 1881 spiritus
1289 1795 1425 1861 haustus

388 1899 440 1956 475
546 1905 580 1966 st
601 1898 713 1964 reduci
736 1904 834 1964 vento
857 1898 959 1965 fibrae
982 1899 1146 1986 pulmonis
1169 1900 1340 1966 anhelant:

543 2003 693 2069 faucibus
716 2023 893 2069 excurrens
915 2004 949 2067 in
971 2002 1104 2068 naribus
1127 2024 1208 2069 aure
1230 2004 1375 2070 vicissim

475 2122 513 2163 ⁵⁹⁵
544 2108 662 2173 vitales
685 2106 808 2172 animat
831 2128 891 2194 per
913 2106 1059 2172 membra
1081 2108 1229 2194 tepentia
1252 2129 1370 2175 sensus

544 2217 642 2298 atque
666 2211 763 2276 modo
787 2209 915 2297 gelidis,
939 2209 1053 2276 calidis
1076 2232 1161 2276 nuuc
1184 2211 1314 2278 flatibus
1338 2233 1396 2278 ore

543 2317 716 2382 inlustrata
739 2316 852 2402 vigent
873 2321 907 2381 at
929 2319 1069 2400 tangunt
1091 2315 1194 2382 flabra
1216 2316 1373 2402 palatum.

388 2419 442 2478 480
546 2441 612 2486 non
634 2420 718 2486 haee
740 2419 890 2485 humanis
913 2424 1040 2485 tantum
1064 2420 1239 2506 spiramina
1261 2421 1415 2487 membris

544 2524 729 2608 enutriam,
753 2523 813 2590 sed
836 2524 961 2590 cunetis
984 2523 1205 2589 animantibus
1227 2545 1307 2590 aura
1330 2527 1477 2594 recurrit.

475 2642 514 2683 ⁶0⁰
545 2629 679 2717 spiritus
702 2628 757 2694 ille
781 2628 844 2708 dei,
869 2649 932 2715 quo
955 2647 1092 2716 corpora
1116 2633 1234 2694 cuneta
1255 2635 1438 2715 moventur,

544 2735 654 2800 omnia
677 2732 887 2820 conplectens
911 2733 1016 2819 agitat
1038 2732 1129 2798 fovet
1149 2733 1265 2799 inserit
1287 2740 1392 2819 urget,

543 2837 631 2903 unde
655 2859 760 2924 genus
783 2837 915 2902 diversa
938 2837 1073 2902 trahunt
1095 2843 1129 2902 et
1152 2838 1279 2903 semina
1302 2859 1420 2924 rerum,

386 2942 440 2999 485
544 2941 674 3008 mobilis
697 2942 855 3006 immenso
878 2940 1014 3006 veniens
1036 2947 1069 3006 st
1090 2941 1178 3006 fonte
1201 2942 1348 3027 perenni.

544 3047 676 3112 artificia
697 3046 838 3111 formata
861 3066 958 3110 manu
981 3045 1110 3131 digesta
1130 3051 1302 3111 moventur

474 3165 513 3206 ⁶⁰⁵
543 3150 655 3216 ordine
679 3156 797 3216 cuncta
821 3170 893 3215 suo:
917 3155 1029 3215 manet
1052 3149 1271 3216 inrevocabile
1294 3171 1421 3216 munus.

543 3275 606 3320 nec
628 3261 738 3321 tamen
761 3245 925 3320 intereunt
947 3253 1119 3341 pereuntia
1139 3255 1215 3340 lege
1238 3253 1364 3320 diurna.

544 3359 615 3445 quis
636 3365 737 3445 neget
758 3358 920 3424 undifluos
942 3357 1119 3445 procedere
1143 3358 1288 3424 lontibus
1311 3380 1435 3442 amnes,

387 3461 439 3519 490
543 3484 681 3550 qnorum
702 3465 767 3528 iam
790 3463 913 3528 reditus
937 3483 1113 3549 numquam
1137 3461 1282 3550 sperabit
1306 3463 1419 3548 origo?

543 3569 750 3634 incessanter
771 3588 873 3654 aquas
896 3567 974 3634 licct
995 3571 1125 3632 evomat
1147 3567 1269 3652 impete
1291 3567 1399 3653 pleno,

475 3689 514 3730 ⁶¹⁰
543 3675 702 3740 iacturam
724 3679 835 3738 tamen
856 3671 945 3738 unda
966 3677 1066 3757 negat
1088 3670 1210 3736 sentire
1233 3671 1357 3738 fluenti.

543 3777 692 3844 omnibus
715 3777 863 3843 hiemes
887 3782 939 3842 est
961 3775 1002 3841 de
1026 3774 1164 3840 flammis
1187 3775 1305 3842 tollere
1328 3775 1475 3841 flammas

232 4056 284 4110 469
301 4065 364 4110 sunt
381 4065 406 4110 et
423 4064 520 4110 cuncta
535 4057 569 4108 Μ
671 4053 723 4108 466
741 4073 789 4108 om.
808 4055 861 4107 FP
961 4052 1012 4106 467
1030 4056 1077 4107 aiit
1094 4054 1127 4121 F,
1145 4056 1193 4108 alit
1210 4054 1236 4106 P
1319 4052 1371 4107 468
1388 4055 1449 4107 binc
1467 4055 1493 4106 Z
1506 4056 1564 4108 cdd.
1642 4059 1782 4128 placidosq.

127 4163 239 4200 serenus
256 4144 309 4196 FP
376 4161 466 4197 sereno
485 4143 517 4194 M
602 4141 653 4194 469
671 4144 765 4195 fluctus
783 4143 890 4205 MLQZ
972 4139 1024 4193 470
1041 4143 1124 4195 estiuc
1142 4159 1221 4209 quam
1239 4143 1321 4194 fluctu
1339 4141 1380 4206 M,
1403 4143 1486 4194 setino
1503 4159 1583 4209 aquas
1601 4145 1664 4195 flatu
1682 4144 1731 4208 LQ

126 4230 179 4285 471
198 4233 310 4283 deacutit
327 4229 353 4297 (a
370 4249 438 4283 corr.
456 4231 484 4282 in
502 4231 521 4288 it
540 4231 573 4295 F,
591 4231 696 4282 discutit
714 4230 746 4293 P,
766 4231 865 4281 excutit
883 4229 932 4292 LQ
999 4236 1077 4296 atque
1094 4231 1194 4282 excutit
1211 4229 1237 4280 Ζ
1251 4230 1309 4281 sold.
1404 4227 1455 4281 477
1474 4231 1536 4283 Uita
1557 4230 1608 4282 leta
1626 4231 1725 4283 animat
1743 4232 1781 4297 M,

127 4319 229 4370 Vitales
241 4319 339 4369 animat
351 4318 376 4370 L
393 4315 573 4383 (bicanimsnt
590 4335 606 4368 n
626 4319 711 4368 altere
729 4316 855 4379 moram
911 4317 1011 4368 animat
1028 4333 1077 4368 om.
1090 4315 1123 4378 F,
1143 4317 1172 4368 in
1189 4333 1238 4382 quw
1250 4317 1545 4383 superscripsimus
1562 4333 1688 4379 recreans,
1706 4318 1783 4384 idque

124 4423 177 4472 pro
195 4405 293 4456 animat
309 4405 386 4456 babet
402 4403 428 4454 P
512 4401 565 4457 478
583 4405 650 4470 adq.
669 4403 743 4455 modo
760 4403 825 4469 galis
844 4403 875 4453 M
959 4401 1087 4456 tecnon
1105 4420 1136 4455 ac
1154 4403 1192 4454 17η
1279 4401 1331 4455 489
1348 4404 1389 4456 dai
1407 4405 1452 4471 qui
1470 4403 1503 4453 Μ
1570 4420 1677 4471 corpore
1694 4403 1730 4454 L¹

126 4497 247 4543 monetur
266 4491 303 4554 Μ,
322 4497 459 4542 monentur
477 4489 515 4541 ΡΙ
619 4487 672 4541 483
689 4496 785 4556 urguet
801 4488 876 4552 Fue
961 4487 1013 4543 485
1030 4491 1131 4542 Nobilis
1148 4489 1223 4553 ΕΟΖ
1306 4489 1464 4553 inmenssQ
1549 4506 1581 4540 sx
1600 4491 1670 4542 iorrts
1687 4488 1717 4540 17

126 4575 180 4630 486
199 4581 321 4630 iormnma
342 4577 422 4644 (con.
440 4577 517 4629 isa-ts
534 4575 587 4641 ma)
606 4575 636 4628 F
718 4573 771 4627 488
788 4587 834 4642 per
855 4592 904 4627 eno
927 4575 1002 4628 utilia
1017 4575 1068 4638 LQ
1153 4573 1204 4626 489
1222 4577 1340 4628 mutibus
1358 4575 1392 4626 M
1475 4571 1528 4628 490
1544 4576 1659 4644 sperauit
1680 4573 1709 4626 Μ
1722 4574 1781 4628 cdd.

162 4662 213 4717 491
231 4665 393 4718 Inoeaaantar
410 4679 477 4730 quaa
494 4663 552 4730 Le,
570 4665 641 4728 Quas
658 4664 815 4716 incessanter
832 4660 859 4711 Ζ
872 4661 931 4716 edd.
1018 4659 1069 4713 493
1087 4662 1243 4714 Hominibus
1263 4661 1298 4712 M

230 5743 393 5796 &ammam
410 5743 601 5803 Avrrourssnu
619 5743 680 5793 XIV
693 5741 717 5796 l.
