4538 6398
899 369 1087 426 APPENDIX
1105 370 1246 425 XII-XX

811 566 923 644 XVII.
963 568 1026 642 DE
1052 565 1337 643 CLEMENTIA.

639 700 766 768 Lucect
789 702 822 766 in
844 709 955 768 vostro
979 723 1111 790 semper
1133 701 1307 768 clementia
1329 701 1422 765 vultu

640 805 821 872 laetificans
844 815 971 872 vestros
993 828 1052 894 per
1076 813 1192 872 cuncte
1213 805 1339 892 palatie
1361 824 1484 870 servos.

639 911 760 977 imbres
784 911 931 978 loetitiae
955 912 1044 997 regis
1067 911 1243 976 clementis
1264 909 1388 988 fundet,

639 1013 779 1080 dulciter
800 1022 837 1080 ut
860 1017 999 1103 populus
1022 1015 1132 1081 veleet
1154 1015 1310 1080 laetarier
1332 1013 1448 1092 omnis,

587 1135 604 1189 5
639 1117 758 1184 viderit
783 1125 820 1184 ut
843 1120 969 1184 vultu'm
992 1121 1079 1204 regis
1102 1119 1213 1185 lucere
1238 1139 1391 1183 serenum

639 1223 758 1289 clarius
782 1230 919 1310 urgento
943 1223 1123 1308 fulgentem
1147 1231 1180 1288 et
1202 1223 1314 1310 purius
1337 1241 1427 1285 suro.

737 1503 738 1506 ,
828 1434 958 1509 XVIII.
997 1434 1060 1508 DE
1086 1431 1317 1508 CONSILIO.

639 1567 767 1654 Accipe
791 1567 962 1632 consilium
984 1567 1097 1631 multis
1121 1565 1162 1631 de
1186 1565 1336 1631 cordibus
1359 1587 1471 1646 unum,

638 1670 724 1758 quod
748 1671 807 1736 tibi
830 1671 1008 1757 disponens
1031 1671 1132 1736 facist
1155 1670 1307 1736 discretio
1331 1677 1471 1756 gratum.

638 1776 719 1841 utile
743 1776 915 1840 consilium
939 1776 1025 1860 regis
1050 1775 1221 1841 confirmet
1243 1775 1410 1856 honorem,

637 1881 737 1944 totius
761 1886 795 1944 et
816 1880 912 1965 regni
935 1879 1016 1945 fines
1040 1879 1186 1944 defendit
1209 1879 1251 1944 eb
1275 1879 1382 1946 hoste.

585 2000 602 2054 5
638 1983 704 2048 etto
727 1984 862 2048 consitio
885 1982 987 2050 debes
1010 1983 1184 2070 disponere
1207 2003 1355 2068 regnum,

637 2107 711 2152 rex:
735 2087 795 2152 tibi
818 2089 1028 2154 commissum
1051 2108 1189 2174 regnum
1211 2107 1272 2174 per
1294 2086 1436 2174 compito
1459 2091 1574 2151 toturn.

726 2299 825 2378 XIX.
864 2298 926 2372 DE
953 2297 1208 2373 PRAESIDIO
1234 2299 1415 2375 DOMINI.

635 2435 806 2502 Praesidio
829 2433 950 2498 domini
973 2433 1142 2498 firmentur
1164 2433 1300 2500 brachis
1323 2435 1422 2520 regis,

637 2541 707 2606 eius
731 2545 765 2604 et
787 2539 820 2604 in
843 2537 994 2604 menibus
1018 2538 1136 2602 victrix
1159 2536 1345 2603 servabitur
1366 2537 1475 2604 hoste.

635 2644 803 2732 praesidio
826 2643 949 2710 domini
972 2641 1109 2728 regnum
1133 2639 1320 2708 defenditur
1344 2662 1449 2719 omne,

636 2749 755 2815 crescit
778 2754 812 2814 ct
835 2747 990 2814 eximium
1013 2746 1140 2834 pollens
1163 2746 1338 2812 virtutibus
1361 2751 1471 2811 ennet.

583 2871 600 2926 5
636 2852 834 2941 praesidium
857 2851 980 2917 domini
1003 2850 1146 2916 custodit
1169 2849 1309 2937 denique
1333 2871 1456 2937 regem,

636 2979 655 3024 s
678 2958 787 3046 proris
811 2977 942 3045 semper
964 2954 1112 3022 defendit
1134 2961 1168 3020 et
1190 2954 1340 3020 hostibus
1364 2956 1467 3021 illurn.

885 3277 967 3352 xx.
1010 3275 1247 3372 (cerno).

635 3409 775 3476 Oremus
799 3409 923 3497 pcriter
944 3415 1013 3475 totu
1040 3407 1105 3496 (de)
1132 3410 1230 3476 cordo
1253 3417 1416 3498 rogantes,

635 3521 671 3580 ut
693 3515 754 3579 tibi
776 3513 938 3602 praesidio
966 3515 1124 3579 coelestis
1146 3517 1293 3602 porriget
1316 3537 1406 3582 urnrs

637 3617 760 3684 arbiter
782 3617 999 3704 omnipotens,
1021 3625 1058 3682 ut
1080 3619 1187 3705 possis
1211 3619 1339 3685 fortiter
1360 3620 1471 3688 hostes

635 3721 839 3789 debacchare
862 3727 934 3786 tuos
957 3721 1035 3788 ferri
1057 3721 1098 3788 de
1122 3722 1258 3809 cuspide
1281 3723 1388 3790 fossos

581 3847 598 3901 5
634 3835 668 3894 et
691 3827 803 3893 vulsos
826 3847 941 3913 regum
965 3826 1143 3892 multorum
1166 3825 1318 3913 frangere
1342 3828 1436 3907 colle,

634 3933 688 4019 qui
711 3931 876 3997 dominnm
900 3950 1013 3996 rerum
1036 3929 1151 3996 nolunt
1175 3951 1371 4018 cognoscere
1395 3931 1573 4016 Christum,

637 4038 692 4123 qui
714 4035 796 4101 deus
819 4040 871 4100 est
892 4055 977 4100 unus
1000 4056 1079 4101 vere
1103 4055 1176 4100 curu
1200 4041 1293 4122 petre
1318 4035 1485 4116 colendus,

632 4162 730 4227 quem
753 4159 890 4229 superus
913 4146 1001 4205 totus
1025 4139 1193 4226 cognoscit
1216 4145 1249 4206 et
1272 4141 1401 4206 intimus
1425 4140 1514 4222 ordo,

633 4265 730 4331 quem
754 4245 871 4311 chorus
895 4245 1062 4329 angelicus
1087 4243 1286 4310 conlaudans
1310 4267 1442 4332 semper
1463 4245 1586 4327 odorat,

566 4367 600 4424 ιο
635 4355 668 4415 st
691 4351 838 4436 genitum
862 4349 965 4435 patris
989 4355 1093 4415 totum
1117 4347 1237 4414 diffuse
1259 4371 1318 4436 per
1341 4352 1453 4416 orbem

633 4455 775 4520 ecclesie
799 4453 965 4518 Christum
989 4454 1158 4539 cognoscit
1180 4460 1214 4519 et
1237 4453 1507 4540 omnipotentem

633 4559 687 4646 qui
711 4578 800 4624 mere
824 4557 976 4624 tellurem
999 4557 1140 4640 caelum,
1165 4558 1221 4644 qui
1244 4565 1361 4624 cuncte
1384 4561 1517 4644 creavit,

338 4735 443 4806 [XVII]
494 4735 604 4789 luultu
622 4753 671 4788 cm.
688 4733 728 4799 6⁸,
747 4734 823 4786 corde
842 4732 875 4784 0¹
961 4729 1117 4785 dluctarier
1134 4729 1277 4800 (suprascr.
1292 4733 1324 4786 0¹
1342 4733 1471 4802 lemno
1554 4735 1683 4791 ficturus
1701 4736 1735 4788 Μ

338 4827 462 4898 [XIIII]
493 4829 645 4898 bregniO
710 4827 870 4896 competsO

338 4922 434 4993 [m]
490 4923 677 4978 dcximissO
740 4923 882 4976 uirtutibus
900 4930 981 4976 cunct
998 4923 1034 4975 ric
1053 4923 1093 4989 M,
1112 4925 1217 4978 uirtutis
1235 4926 1368 4979 honoret)
1435 4925 1574 4996 GSsmper
1591 4937 1617 4982 et
1634 4946 1651 4982 e
1669 4929 1758 4997 prauis
1775 4928 1890 4980 defendit

233 5011 350 5065 hostibus
367 5013 477 5064 idemO

338 5103 540 5174 [XX—XXV]
576 5107 614 5174 M,
632 5106 744 5174 numu
761 5114 905 5172 rsscpotest
921 5105 982 5171 XX,
999 5107 1041 5158 cic
1061 5105 1146 5157 XXV
1228 5103 1325 5174 [xxll
1360 5109 1448 5160 Oratio
1466 5126 1510 5176 epo
1527 5110 1656 5178 inscripsi,
1675 5113 1713 5163 Dc
1731 5110 1845 5163 cretione
1861 5110 1894 5160 M

268 5191 281 5244 l
302 5193 334 5245 do
352 5209 401 5246 cru.
416 5193 454 5256 M,
472 5193 535 5246 edd.
554 5193 711 5246 Immccuu
789 5190 982 5247 turbauerat
999 5211 1047 5246 uos
1061 5194 1094 5244 M
1159 5194 1220 5246 ferri
1237 5195 1277 5246 cet
1295 5197 1354 5248 forti
1373 5195 1536 5261 loraszam,
1554 5199 1610 5250 soro
1629 5198 1663 5248 M
1736 5196 1890 5265 8superius

232 5296 300 5331 corr.
317 5280 346 5331 fn
364 5296 419 5330 -rus
436 5278 470 5330 M

337 5431 458 5504 [XVIII]
494 5434 512 5490 3
529 5435 744 5504 quenaf9,124
762 5434 833 5492 utile
854 5434 1001 5491 consilium

338 5543 419 5614 [XX]
455 5545 577 5602 9Drac.
590 5547 608 5602 I.
619 5545 644 5602 d.
658 5553 682 5616 2,
695 5553 747 5603 209
769 5552 798 5604 te
824 5548 924 5604 chorus
946 5547 1103 5620 angelicus,
1129 5547 1247 5603 laudens
1272 5547 1410 5606 exercitus
1436 5551 1498 5604 crat
1587 5549 1619 5607 lu
1644 5547 1765 5606 Emold.
1783 5547 1845 5618 Nm.
1858 5547 1890 5602 irs

231 5639 292 5696 hou.
311 5639 402 5698 Hlud.
414 5650 437 5710 1,
452 5647 503 5697 365
520 5641 618 5710 (PMA
636 5643 673 5696 11
684 5659 713 5711 p.
727 5645 768 5714 16)
787 5643 876 5700 latum
896 5643 998 5699 diffuse
1017 5661 1067 5714 per
1086 5643 1179 5699 orbem

1629 5748 1680 5804 35*
