4568 6396
388 404 468 460 XXX
1114 401 1332 460 PRAEFATIO.

122 595 382 652 EDITIONES
493 598 533 644 ee
559 575 750 642 editionibus
779 576 958 640 carminum
980 574 1228 639 christianorum
1251 574 1310 638 hoe
1332 577 1456 638 tautum
1478 578 1651 640 memoratu
1678 581 1754 641 sunt
1774 575 1903 660 dunas:
1930 577 2052 643 More-

278 699 364 754 ltoru
390 683 501 748 lianc
523 678 1015 765 Paris.1560¹),·Guilelmum
1042 676 1215 743 Moralium
1242 677 1481 758 exprimendum
1507 697 1635 744 curasse
1668 679 1732 746 cod.
1752 680 1786 746 Z
1810 682 1877 745 iam
1904 680 2052 748 vidimus

388 787 492 850 altera
513 786 559 850 sie
573 784 728 863 inscripta
743 786 804 848 est:
826 782 865 847 Β.
881 781 1032 866 Eugenii,
1059 780 1167 866 Episc.
1192 781 1298 845 'Iolet
1319 779 1495 866 Opuscula,
1517 783 1634 866 quibus
1656 783 1769 848 inserti
1790 789 1864 848 sunt
1885 783 2055 850 Dracontii

390 889 493 954 libelli
516 887 591 970 duo,
614 888 657 952 ab
680 885 828 972 Eugenio
853 887 970 951 eodem
994 887 1161 970 recogniti.
1213 885 1354 952 Adiecta
1377 892 1451 950 sunt
1473 886 1610 950 aliorum
1634 887 1758 972 aliquot
1780 893 1928 953 veterum
1950 891 2051 975 scrip·

236 1009 364 1062 sirmond
390 999 497 1058 torum
526 993 626 1056 varia.
676 990 763 1054 (lura
790 991 903 1055 lacobi
930 989 1131 1054 Sirmondi
1153 989 1257 1056 Paris.
1283 991 1376 1055 1600.
1425 990 1616 1056 Sirmondus
1641 991 1788 1056 adhibuit
1818 992 1881 1057 cod.
1902 991 1948 1070 P,
1979 993 2054 1057 berte

389 1097 501 1175 edidit,
531 1101 625 1178 111111
647 1093 896 1179 satisfactionem
928 1094 1052 1175 quidem
1070 1095 1212 1174 priorem
1242 1093 1330 1158 haud
1349 1113 1459 1174 pauca
1480 1095 1629 1172 conenit,
1662 1115 1709 1159 eu.
1730 1115 1779 1176 pr.
1799 1115 1838 1159 ea
1866 1095 2052 1161 Mordiana

390 1200 662 1276 1111111111466,
685 1198 742 1280 qui
764 1198 847 1262 deest
868 1199 904 1261 in
927 1197 966 1262 P.
1019 1217 1072 1278 epo
1093 1215 1174 1260 usus
1196 1216 1267 1260 sum
1289 1196 1424 1262 editione
1444 1197 1577 1278 repetita
1599 1218 1682 1280 puae
1703 1203 1806 1263 castet
1833 1199 1870 1262 in
1892 1198 2055 1264 Sirrncndi

391 1304 536 1388 operibus
562 1303 664 1367 ocris
694 1305 762 1366 tom
787 1301 830 1366 11
857 1300 982 1382 (Paris.
1007 1302 1107 1378 1696)
1130 1321 1164 1380 p.
1187 1301 1322 1381 875sqq.
1387 1321 1426 1364 eu
1454 1299 1501 1364 M
1523 1301 1643 1365 libellos
1669 1304 1777 1366 111111
1805 1301 1904 1366 edidit
1933 1302 1992 1367 Fr.
2014 1302 2053 1367 dc

205 1423 363 1476 wuronc
391 1407 619 1472 Lorenaana
642 1407 678 1469 in
703 1403 735 1469 S.
753 1403 785 1468 S.
802 1427 833 1489 p.
850 1427 881 1489 p.
900 1403 1131 1470 'toletanorum
1160 1408 1319 1488 quotquot
1347 1409 1461 1468 extent
1483 1424 1619 1487 operum
1642 1404 1765 1470 tomoI
1787 1404 2052 1490 (Mammisea).

385 1515 554 1592 praeterea
575 1510 702 1573 nomino
723 1509 802 1589 quia
823 1508 860 1572 de
883 1508 1100 1588 superioribus
1123 1507 1312 1572 editionibus
1328 1507 1424 1588 plene
1446 1509 1547 1588 refert
1569 1507 1702 1572 librum:
1724 1507 1894 1572 Dracoulii
1916 1509 2052 1594 presby-

392 1615 455 1678 teri
480 1613 619 1699 Hispani
652 1633 782 1677 carmen
806 1614 935 1698 apicum
956 1612 1179 1676 henaimeron
1206 1611 1248 1680 ab
1279 1610 1428 1696 Eugenio
1456 1610 1499 1674 Π.
1519 1609 1683 1696 Episcopo
1715 1611 1820 1676 Tolet.
1843 1612 2053 1677 emendatum

392 1716 604 1802 eiusdemque
628 1716 735 1800 elegia
759 1717 801 1780 ad
825 1715 1045 1780 Theodosium
1068 1717 1237 1798 iuniorem,
1260 1715 1497 1799 Imperatorem
1519 1716 1713 1798 Augustum.
1760 1715 1866 1780 denuo
1890 1715 1992 1782 edidit
2013 1737 2053 1781 aa

250 1835 366 1903 carpzov
390 1819 525 1885 Nouis
539 1821 713 1884 illustrauit
734 1820 804 1884 Ioh.
821 1819 946 1884 Bened.
965 1819 1144 1904 Osrpnov.
1184 1819 1382 1883 Helmstedii
1402 1818 1490 1903 apud
1507 1817 1543 1882 O.
1560 1818 1599 1882 G.
1616 1819 1810 1884 Fleckeisen
1830 1823 1921 1884 1794.
1958 1821 2053 1886 editio

389 1929 435 1990 est
462 1924 554 1988 utilis
584 1923 628 1987 ad
656 1923 877 2006 oopuoscendos
905 1943 971 1988 uno
997 1925 1160 2002 conspectu
1187 1940 1309 1986 errores
1337 1923 1410 1986 illos
1438 1940 1516 2002 quos
1543 1921 1581 1986 de
1602 1919 1778 1986 Dracontio
1800 1923 1964 1988 madebant
1989 1923 2054 1988 viri

390 2027 472 2091 docti
492 2030 566 2090 ante
588 2027 777 2104 Arcealum,
811 2046 887 2090 nam
913 2026 1054 2108 Carpeov
1076 2025 1207 2088 initium
1224 2022 1304 2108 fecit
1325 2045 1346 2088 a
1369 2025 1532 2088 cumarum
1555 2026 1740 2090 testimoniis
1769 2026 1807 2090 dc
1827 2024 2003 2092 Dracontio
2024 2031 2054 2091 11

391 2130 537 2212 lirrpcnio
554 2129 712 2209 Toletano,
735 2129 846 2194 deinde
870 2131 905 2194 in
926 2130 1010 2194 notis
1024 2129 1156 2210 conlepit
1176 2128 1288 2192 uarias
1303 2128 1447 2192 lectiones
1469 2133 1497 2192 et
1518 2133 1555 2192 nt
1572 2130 1679 2211 potuit
1694 2128 1880 2207 difficiliora
1894 2131 2052 2211 eaptioarc

391 2238 522 2300 nonanes
543 2239 597 2312 est,
619 2232 677 2296 hac
699 2237 803 2297 tamen
825 2233 862 2296 in
878 2236 973 2312 parte
995 2231 1070 2316 fere
1091 2230 1175 2294 nihil
1198 2230 1271 2294 boni
1286 2230 1460 2311 praestitit.
1508 2250 1609 2312 neque
1635 2231 1689 2295 illc
1711 2236 1899 2312 compertum
1920 2232 2052 2298 habebat

389 2340 455 2402 iam
484 2337 587 2402 tribus
610 2337 708 2400 annis
734 2338 808 2400 ante
826 2335 984 2416 prodiisse
1011 2354 1079 2399 cam
1102 2333 1282 2412 editionem,
1310 2353 1391 2414 quae
1413 2335 1525 2414 prima
1552 2335 1673 2398 iustum
1704 2335 1741 2398 in
1767 2332 1943 2400 Dracontio
1971 2337 2053 2402 artis

390 2443 516 2507 criticae
543 2439 790 2522 fundamentum
820 2440 956 2516 strucit;
985 2439 1064 2502 liber
1095 2442 1156 2502 est:
1192 2435 1362 2502 Dracontii
1389 2443 1509 2522 poetes
1533 2437 1698 2502 christiani
1728 2437 1830 2502 seculi
1844 2438 1877 2502 V
1899 2441 2051 2506 carmina.

249 2557 363 2609 Armate
392 2567 435 2612 sx
449 2565 525 2610 mss.
541 2543 710 2608 Vaticanis
726 2542 825 2627 duplo
841 2544 987 2607 auctiora
1007 2543 1046 2605 iis
1061 2561 1145 2626 quse
1161 2541 1268 2605 adhuc
1286 2541 1476 2626 prodierunt
1490 2550 1680 2606 recensente
1696 2541 1851 2606 Faustino
1867 2543 2052 2627 Aravslo,

392 2650 447 2735 qui
469 2649 705 2734 prolegomene
735 2647 842 2710 varias
869 2651 1016 2710 veterum
1045 2645 1224 2709 editionum
1257 2645 1414 2710 lectiones
1441 2651 1682 2730 perpetuasque
1710 2647 1894 2710 notationes
1921 2647 2051 2711 adiecit.

390 2751 517 2818 Romae
536 2755 629 2816 1791.
679 2750 876 2815 doctissimus
904 2750 938 2812 iu
970 2748 1125 2814 Vaticana
1146 2747 1407 2832 bybliothcccrius
1428 2749 1635 2830 amplissimis
1651 2749 1880 2831 prolepomenis
1908 2750 2052 2830 diepam

389 2857 427 2922 de
441 2856 599 2922 Draconti
619 2855 687 2918 uita
707 2857 737 2918 ct
750 2852 886 2934 scriptis,
909 2852 946 2917 de
962 2852 1087 2935 Erspem
1101 2853 1287 2932 recensione,
1310 2857 1339 2916 11
1361 2853 1454 2936 pleni
1475 2851 1634 2918 Draconti
1656 2856 1772 2917 tractat
1793 2853 1909 2918 codices
1930 2853 2053 2933 abipso

389 2961 540 3024 inventos.
578 2961 672 3040 atque
694 2953 925 3038 satisfactionis
948 2955 1074 3037 quidem
1087 2961 1271 3037 reppererat
1286 2957 1436 3037 optimum
1454 2957 1551 3022 illum
1573 2956 1771 3035 Vaticanum,
1794 2957 1901 3021 rninus
1923 2957 1952 3020 ei
1962 2954 2053 3041 fouit

387 3063 520 3144 fortuna
549 3062 586 3125 in
618 3060 769 3126 laudibus
800 3061 851 3126 dei
878 3063 1093 3130 restituendis.
1148 3083 1249 3144 neque
1282 3066 1366 3129 enim
1395 3063 1527 3130 habebat
1551 3065 1618 3128 nisi
1645 3065 1794 3130 ultimum
1819 3065 2053 3146 pessimumque

389 3165 519 3231 codicem
548 3163 585 3230 U.
641 3168 780 3230 attamen
809 3164 970 3230 Arcoalus
998 3165 1152 3230 inuidiam
1176 3165 1331 3250 fortunae
1353 3168 1516 3248 superauit
1544 3168 1720 3232 acrimonia
1746 3169 1881 3252 inpeuii,
1906 3169 2053 3248 plurium

389 3269 469 3334 cilia
491 3269 602 3348 optime
618 3269 754 3332 correxit
767 3261 862 3350 atque
884 3269 921 3333 in
935 3269 1195 3334 adnotationibus
1207 3269 1400 3334 ubcrmmam
1415 3271 1682 3351 utilissimamque
1696 3271 1878 3352 suplicandi
1893 3271 2052 3334 mann'em

391 3375 549 3456 conpassil.
602 3373 647 3438 ad
662 3374 805 3457 primum
828 3373 943 3438 librum
966 3373 1134 3438 rectissime
1156 3374 1302 3438 adhibuit
1323 3374 1505 3458 Drepanium
1529 3375 1575 3438 ita
1597 3378 1634 3437 ut
1655 3373 1754 3439 huius
1776 3375 1851 3439 libri
1870 3393 1950 3454 pars
1971 3393 2053 3455 quae

392 3481 437 3542 cst
458 3477 496 3542 dc
518 3477 672 3542 creatione
693 3475 806 3540 mundi
834 3479 864 3540 et
889 3475 927 3540 de
942 3477 1065 3558 pcccati
1091 3478 1211 3559 oripirn
1237 3477 1274 3539 in
1295 3477 1494 3542 Arcuaiiaua
1526 3477 1690 3541 rarissime
1715 3497 1737 3540 a
1757 3477 1869 3558 probis
1895 3475 2054 3541 Draconti

392 3581 494 3646 uerbis
515 3580 646 3645 recedat.
691 3579 852 3644 Arcoalus
873 3580 974 3661 ipitur
997 3580 1126 3644 titulum
1147 3580 1340 3645 restitutoris
1361 3578 1520 3646 Draconti
1538 3580 1725 3660 promeruit.

133 3690 365 3747 ROMVLEA
496 3684 646 3748 hactenus
661 3682 699 3747 de
714 3683 911 3748 carminibus
926 3682 1126 3762 christian-is;
1142 3683 1339 3767 perpendam
1359 3687 1404 3748 est
1425 3683 1469 3747 ad
1482 3683 1622 3748 Romul
1629 3703 1681 3749 ea.
1721 3687 1816 3764 atque
1837 3687 1912 3764 quot
1926 3683 2054 3765 qualia-

393 3808 453 3870 que
474 3789 619 3852 carmina
641 3787 715 3851 olim
737 3787 929 3867 complexum
950 3789 995 3851 sit
1015 3786 1071 3852 hoc
1092 3807 1213 3867 corpus
1237 3806 1338 3869 supra
1355 3807 1390 3867 p.
1413 3785 1464 3852 VI
1482 3788 1692 3852 coniecturam
1709 3785 1863 3871 fecimus;
1885 3805 1971 3850 nunc
1992 3787 2054 3850 erit

392 3890 603 3977 referendum,
628 3890 673 3955 ad
697 3909 851 3972 quosnam
872 3890 1010 3971 praedes
1035 3895 1205 3956 recurrant
1220 3895 1333 3972 partes
1364 3910 1445 3971 quae
1472 3889 1576 3955 adhuc
1609 3895 1743 3955 castani.
1793 3890 2054 3970 locupletissimus

334 4011 368 4064 Ν
385 3999 532 4077 praestat
547 3995 641 4061 codes
655 3993 953 4076 Neapolitanus
976 3993 1055 4076 bybl.
1070 3997 1137 4059 nat.
1153 3993 1209 4060 IV
1228 3993 1498 4058 1181111117
1515 3995 1697 4058 chartaceus
1718 3993 1843 4078 formae
1866 3993 2053 4073 quartarios

391 4100 558 4164 maximae.
617 4098 735 4162 librum
764 4097 844 4161 mihi
873 4097 913 4162 ab
940 4097 1169 4162 humanissimo
1195 4097 1399 4182 bybliothecae
1436 4097 1668 4177 Neapolitanae
1692 4096 1851 4182 praefecto
1878 4096 2053 4161 Monacum

391 4203 522 4266 missum
543 4221 612 4266 cum
623 4199 802 4284 puluisculo
823 4203 859 4263 nt
880 4199 989 4264 dicunt
1007 4201 1098 4280 potui
1112 4205 1262 4266 11111111.
1301 4201 1437 4265 continet
1458 4205 1562 4264 autem
1584 4201 1679 4265 codes
1695 4202 1759 4264 116
1769 4201 1918 4283 popinas,
1940 4202 2054 4266 ultima

392 4310 421 4370 ct
437 4326 473 4387 p.
488 4303 619 4371 32-36
640 4305 740 4386 (iuter
755 4321 880 4367 cannen
902 4301 973 4368 VH
985 4307 1015 4367 ct
1035 4301 1140 4388 VIII)
1161 4309 1192 4368 11
1206 4323 1243 4386 p.
1260 4306 1304 4367 76
1324 4304 1408 4388 (post
1429 4323 1555 4369 sermm
1570 4303 1638 4390 IX)
1659 4308 1735 4369 sunt
1748 4323 1874 4368 vacuae.
1917 4303 2054 4387 relipata

392 4413 468 4474 sunt
486 4407 573 4493 folia
595 4408 650 4472 hoc
672 4407 797 4472 ordine:

525 4555 663 4619 carmi
682 4551 852 4617 1-V192
1091 4553 1113 4616 I
1125 4553 1291 4633 quaternio
1300 4573 1335 4632 p.
1371 4556 1478 4617 1-16
1538 4554 1649 4619 charla
1669 4555 1825 4636 insipnita
1845 4559 1890 4617 cst
1914 4554 2052 4636 inopine

598 4656 821 4721 V193—VII
1067 4655 1113 4720 II
1118 4657 1228 4737 quinio
1301 4677 1333 4736 p.
1350 4659 1478 4720 17-36
1625 4661 1744 4738 aquata
1765 4657 1842 4739 apni
1865 4656 1915 4721 dei

567 4760 660 4825 VIII
681 4764 808 4823 1-474
1056 4758 1122 4825 III
1127 4759 1239 4841 quinio
1307 4780 1344 4840 p.
1356 4759 1487 4824 37-56
1531 4761 1633 4844 imapo
1653 4765 1790 4842 aquata:
1815 4759 1909 4824 arbor

521 4863 612 4929 VIII
640 4864 802 4928 ere-IX
1060 4864 1085 4926 I
1091 4863 1233 4944 uninio
1304 4883 1340 4944 p.
1354 4866 1483 4928 57-76
1526 4865 1777 4947 imapoaquata:
1798 4863 1888 4928 canis
1904 4865 1951 4928 oet
1968 4863 2054 4928 alius

1619 4967 1800 5049 quadrupes

576 5072 613 5135 X
632 5073 834 5154 apopraphon
854 5071 948 5152 prius
1086 5069 1230 5151 uninio
1309 5090 1343 5151 p.
1359 5072 1488 5134 77—96
1530 5071 1633 5154 imapo
1653 5075 1792 5152 aquata:
1813 5070 1930 5152 anpuis

574 5176 610 5240 X
725 5226 743 5253 „
858 5175 994 5239 alterum
1064 5171 1115 5238 VI
1121 5173 1231 5254 quinio
1301 5194 1337 5255 p.
1354 5174 1504 5238 97—116
1525 5175 1643 5257 inape:
1678 5173 1792 5238 mulier
1814 5171 2054 5253 piscicaudaria

1380 5278 1425 5360 ά).
1440 5275 2053 5362 103141110718111111111111.111112)

392 5426 451 5490 hae
465 5446 521 5490 sea
532 5430 641 5507 partes
657 5445 761 5491 omnes
777 5429 903 5507 eccepto
925 5427 1039 5507 quinto
1060 5425 1105 5508 (p.
1122 5424 1266 5505 77-96)
1287 5423 1328 5489 ab
1349 5443 1414 5488 uno
1435 5423 1597 5505 eodemque
1618 5421 1722 5488 scriba
1744 5421 1844 5484 nitide
1866 5424 1896 5485 11
1916 5421 2053 5488 dilucide

394 5533 544 5594 exaratae
565 5533 640 5592 sunt
667 5535 757 5610 (uam
779 5530 863 5610 quod
877 5533 989 5613 partes
1011 5527 1077 5594 ΙΙΙ
1094 5531 1123 5592 11
1145 5525 1205 5591 IV
1215 5527 1330 5606 paullo
1352 5527 1453 5592 alium
1471 5526 1625 5608 praebent
1645 5528 1802 5606 aspectum
1824 5528 1918 5605 atquc
1947 5525 1976 5603 I,
2000 5527 2053 5606 II,

498 5737 524 5804 1)
543 5737 652 5790 titrdum
671 5737 778 5807 hripum
795 5735 937 5804 dihpentcr
954 5734 1059 5790 redidit
1076 5731 1196 5800 uiolenti,
1210 5737 1306 5802 poetae
1323 5733 1415 5788 christ.
1427 5733 1494 5789 min.
1506 5733 1526 5787 1
1536 5751 1565 5802 p.
1578 5738 1627 5786 339
1644 5737 1700 5786 not.
1714 5739 1738 5786 ἱ).
