4568 6396
357 1775 418 1870 Π.
461 1774 552 1868 DE
586 1772 949 1871 DRAOONTI
984 1775 1422 1872 CARMINIBVS
1456 1777 1842 1876 CODIOIBVS

856 1912 1337 2009 EDITIONIBVS.

368 2128 419 2196 De
440 2128 599 2196 Draeonti
626 2130 811 2217 Euqenique
833 2131 1007 2198 lelellorum
1028 2132 1108 2214 fatis
1122 2134 1316 2216 priusquam
1337 2153 1491 2215 erponem
1518 2155 1598 2217 quoe
1620 2155 1698 2220 opus
1719 2141 1820 2217 erunt,
1842 2138 1926 2204 turis

266 2255 377 2302 aeerra
403 2233 560 2300 litandum
589 2235 737 2301 monibus
763 2233 977 2301 RVDOLFI
1000 2234 1190 2315 PEIPER,
1224 2257 1314 2318 quern
1341 2257 1422 2320 quae
1448 2237 1511 2303 sili
1537 2243 1746 2323 proposuerat
1774 2241 1925 2323 perficere

265 2339 361 2405 aaut
375 2357 445 2404 sors
455 2341 593 2420 anqresta
604 2339 794 2404 mortalium.
825 2338 999 2422 emleqerat
1012 2342 1116 2403 autem
1130 2358 1279 2422 nequam
1285 2344 1411 2424 partem
1423 2361 1529 2406 eorum
1544 2361 1623 2424 quae
1634 2345 1727 2408 erant
1740 2342 1924 2426 eoliqenlo,

265 2445 462 2508 reeensuerat
483 2441 577 2506 elsarn
592 2441 747 2524 pleraque
761 2443 918 2524 earmina,
940 2441 989 2507 ita
1010 2445 1113 2506 tamen
1135 2446 1171 2506 ut
1192 2443 1229 2506 in
1250 2441 1318 2508 clies
1338 2447 1374 2507 ut
1392 2444 1432 2525 fit
1453 2443 1575 2522 luera,
1598 2445 1772 2528 eorriqeret,
1795 2446 1845 2511 lu'e
1859 2446 1929 2514 illie

261 2544 355 2610 etiam
370 2562 497 2626 pessum
511 2543 602 2609 daret
615 2563 710 2610 eruas
717 2545 854 2626 priores.
893 2545 998 2626 itaque
1014 2563 1067 2628 eqo
1081 2545 1134 2609 eui
1148 2535 1366 2612 liberalissime
1377 2547 1583 2613 intercedente
1599 2547 1649 2615 W.
1665 2561 1722 2614 DE
1733 2548 1927 2616 HARTEL

259 2648 329 2713 oiro
349 2647 525 2714 clarissimo
540 2646 668 2728 Peiperi
690 2647 817 2713 soledos
840 2647 976 2712 traditae
999 2651 1074 2712 sunt
1095 2651 1162 2712 tum
1184 2667 1253 2712 earn
1275 2649 1393 2730 etipse
1415 2649 1519 2730 operis
1536 2669 1685 2733 maqnam
1702 2655 1831 2736 portem
1853 2672 1925 2718 eou-

262 2748 397 2830 seoernm
410 2752 522 2834 urique
536 2769 601 2816 non
620 2751 657 2816 id
670 2755 739 2816 erat
753 2750 909 2835 aqenclnm
929 2755 965 2815 ut
980 2749 1108 2832 Perpern'
1122 2750 1242 2816 ederem
1256 2752 1424 2835 reliquias,
1447 2752 1502 2818 sed
1519 2757 1557 2818 ut
1569 2751 1728 2819 Draconti
1741 2753 1926 2838 Euqenique

262 2853 458 2919 restituerem
483 2855 679 2932 memoriam,
713 2855 837 2920 excussi
862 2853 1005 2938 defuncti
1031 2847 1209 2932 chartulas,
1236 2855 1417 2936 eomporuoi
1442 2873 1512 2920 eum
1539 2857 1629 2939 meis,
1658 2858 1798 2938 eeeerpsi
1821 2857 1926 2937 utilia,

263 2957 363 3022 abieci
376 2957 518 3035 inutilia,
536 2977 599 3039 pro
612 2957 703 3022 uirili
716 2960 811 3038 parte
825 2961 936 3022 centres
957 2977 997 3022 ne
1019 2956 1098 3040 quid
1107 2957 1227 3038 periret
1240 2958 1324 3039 quod
1343 2956 1398 3022 ille
1411 2957 1485 3024 berre
1499 2959 1663 3025 inverterat
1675 2978 1738 3024 neu
1752 2959 1832 3025 milri
1846 2979 1926 3043 quae

262 3061 318 3126 ille
338 3065 542 3142 ooorrpauerat
555 3059 773 3126 adsuiberern.
818 3061 952 3126 multum
972 3061 1018 3126 sie
1039 3079 1116 3126 sane
1135 3061 1282 3142 temporis
1294 3060 1425 3142 perdidi
1438 3061 1638 3128 retractando
1658 3082 1696 3128 ea
1718 3082 1799 3146 quae
1813 3061 1926 3128 meliors

255 3162 452 3250 faciliusque
472 3184 513 3229 ea
533 3164 655 3248 inteqro
668 3167 770 3229 essent
783 3168 865 3244 aua,
886 3184 985 3246 neque
999 3167 1104 3230 tomen
1127 3165 1173 3229 ita
1194 3185 1259 3229 reru
1275 3164 1449 3230 instituisse
1469 3185 1518 3231 me
1526 3166 1685 3248 paerritet;
1706 3168 1821 3248 optime
1841 3167 1925 3232 enim

259 3265 372 3348 aliquo
397 3266 679 3332 administraverat
706 3265 835 3351 Peiper,
868 3287 949 3351 quoe
979 3287 1027 3332 nre
1054 3267 1219 3352 fuqerant,
1249 3271 1279 3331 et
1307 3267 1461 3332 iniustum
1489 3274 1560 3334 erat
1589 3267 1761 3335 diuturnas
1793 3269 1858 3334 viri
1887 3267 1925 3335 de

260 3369 372 3434 latinis
394 3369 508 3434 litteris
535 3369 610 3434 lene
637 3370 744 3435 auriti
771 3369 1002 3436 lucubrationes
1024 3375 1139 3452 putore
1163 3371 1316 3452 lineisque
1338 3370 1455 3452 perire.
1501 3391 1665 3454 quaequae
1691 3371 1792 3454 iqitur
1816 3372 1925 3455 tuqere

257 3472 354 3538 lurae
392 3471 526 3538 inutilr'a
567 3472 693 3556 leqenclo
728 3473 898 3540 iudicando
934 3472 1108 3551 abiciendo,
1151 3471 1324 3555 conperrrlia
1361 3474 1428 3538 sint
1462 3473 1642 3557 oliliqentiae
1679 3472 1921 3556 sedulitatisque

262 3574 433 3656 indefessae
457 3574 665 3642 PEIPERI.

363 3677 429 3744 iarn
451 3697 523 3744 urm
544 3677 582 3744 de
602 3678 670 3744 rito
684 3682 797 3760 poetae
816 3678 931 3762 eqerirn
951 3677 1009 3744 sub
1028 3677 1154 3744 nomnoe
1168 3676 1387 3744 ‘Dracontius’
1410 3679 1444 3743 tn
1458 3679 1696 3764 enepelopaedia
1717 3679 1886 3746 Wissouoe
1896 3682 1921 3763 ¹)
1960 3661 2210 3794 Dfflssgm

260 3780 451 3865 breviusque
473 3781 553 3846 seitu
574 3779 763 3866 dian'ssima
784 3784 821 3847 in
842 3781 945 3847 indies
967 3781 1062 3847 luins
1083 3783 1186 3864 ipsius
1207 3781 1284 3847 libri
1304 3785 1348 3865 (p.
1359 3783 1440 3864 299)
1461 3782 1691 3864 mnqrosuerim,
1714 3781 1765 3848 lie
1786 3783 1922 3866 sufficiet
1959 3815 2217 3872 mmm,

255 3883 406 3966 persequi
427 3904 509 3966 qnae
531 3883 569 3950 de
591 3887 724 3968 tempore
746 3885 898 3952 lrlrrorunr
920 3885 960 3951 ab
982 3886 1051 3967 ipso
1072 3884 1225 3951 odilonem
1248 3883 1317 3950 lieet
1338 3885 1426 3951 seire.
1939 3893 2190 3949 ΤΕΜΡΟΒΙΒ
2197 3893 2246 3948 Vs

366 3991 460 4070 atque
482 4007 552 4053 enm
572 3988 657 4054 inter
678 4008 783 4055 moues
810 3991 925 4054 annul
945 3989 1070 4070 primos
1098 3987 1305 4054 adulescentis
1332 3987 1435 4053 oollae
1454 3993 1567 4072 poetae
1586 3988 1671 4070 [stru
1692 4007 1756 4056 esse
1778 3990 1922 4056 sonnino
1972 4007 2005 4060 ee
2021 4007 2131 4061 satem

258 4089 319 4156 illa
340 4111 381 4157 ee
402 4089 568 4157 Romuleis
590 4111 670 4174 quae
695 4091 862 4158 maneriae
882 4091 1045 4158 Felieiani
1071 4091 1217 4176 moqistri
1245 4095 1372 4158 morata
1392 4093 1459 4174 ipse
1479 4091 1593 4171 uoluit,
1620 4111 1686 4157 non
1712 4093 1819 4157 minus
1844 4095 1924 4158 eene
1958 4077 2145 4129 Barnaeum

256 4194 420 4277 affirmari
447 4199 551 4278 potest
577 4193 848 4260 honorariorum
873 4199 1054 4278 poematum
1084 4195 1303 4274 mlleetionem,
1336 4215 1432 4278 quam
1457 4193 1638 4262 ‘Romulea'
1669 4195 1832 4277 inscripsit
1857 4195 1923 4276 ipse

257 4295 501 4382 Draoontius2),
523 4316 588 4362 non
609 4317 674 4364 esse
696 4298 812 4364 editam
827 4303 901 4364 ante
916 4298 1060 4364 earmina
1075 4297 1288 4381 romuleum)
1309 4319 1391 4382 quoe
1411 4319 1433 4362 a
1454 4299 1576 4382 eaptioo
1592 4302 1686 4383 poeta
1701 4299 1758 4364 mo
1776 4297 1923 4366 Guntlra-

260 4400 377 4465 mundo
392 4419 463 4483 repe
484 4401 531 4483 (o.
542 4403 737 4486 est-496)
754 4405 852 4484 poeta
874 4421 938 4468 esse
956 4403 1028 4484 ipsa
1043 4401 1161 4468 elocent.
1204 4421 1339 4484 nonoque
1353 4401 1590 4483 epithalamium
1604 4402 1740 4466 loannis
1753 4405 1783 4467 et
1799 4399 1924 4468 Vitulae

256 4502 361 4587 (Rom,
385 4503 467 4586 VII)
497 4507 527 4569 et
555 4505 659 4586 ipsum
682 4525 744 4586 per
771 4510 892 4589 tempm
922 4505 1116 4588 eaptivitatis
1142 4493 1341 4586 compositum
1371 4508 1417 4570 est
1444 4509 1487 4588 (o.
1502 4506 1556 4572 25.
1584 4506 1923 4588 69.106.118sqq.),

256 4607 496 4689 epithalamium
518 4608 554 4673 in
574 4607 862 4689 [remorationem
884 4608 990 4693 (Rom.
1009 4609 1071 4690 VI)
1092 4609 1140 4675 oel
1162 4631 1183 4674 a
1200 4614 1293 4692 poeta
1315 4630 1355 4676 es
1369 4629 1491 4676 earoere
1505 4609 1635 4676 dimisso
1656 4617 1698 4692 (o.
1711 4611 1779 4690 40).
1832 4607 1923 4674 ‹lubi-

366 4884 392 4952 1)
413 4883 483 4954 Vp.
496 4889 675 4940 tem-leet.
715 4884 821 4954 partim
837 4883 959 4938 nmmum
980 4883 1111 4938 suumn
1134 4883 1208 4938 euru
1223 4883 1272 4937 illa
1289 4883 1440 4951 eorunpa
1457 4887 1530 4950 mre,
1548 4883 1591 4937 ita
1606 4886 1639 4936 ut
1655 4880 1733 4936 hodie
1750 4879 1808 4950 ipse
1825 4880 1921 4950 aliqua

254 4983 311 5022 non
327 4967 382 5023 iam
398 4970 569 5038 eonprooen
608 4970 734 5039 inprimis
750 4970 915 5026 monerulum
931 4975 970 5024 est
990 4975 1048 5023 tum
1066 4968 1187 5024 umidum
1199 4970 1335 5024 inuentum
1351 4969 1436 5040 filine
1453 4969 1552 5024 leonum
1563 4967 1786 5037 Bomberqensem
1803 4967 1831 5022 Δ
1848 4966 1921 5022 ileo

254 5071 307 5124 que
323 5055 1233 5127 mmommumenfinelilritertiilarutumteiadlepatorum
1250 5055 1312 5111 inde
1329 5073 1348 5110 a
1365 5070 1442 5110 mrsu
1459 5053 1738 5122 lamminarum
1756 5053 1922 5122 splerunque

253 5146 533 5210 nonnumquam
558 5143 591 5196 in
617 5141 734 5198 edituus
760 5149 918 5199 animetur.
1024 5144 1052 5212 2)
1078 5141 1125 5198 troo
1150 5159 1248 5197 nomen
1271 5157 1306 5196 ue
1325 5141 1454 5210 flarleqio
1472 5139 1618 5195 Veronensi
1639 5140 1782 5195 rectissime
1803 5139 1922 5194 restituit

253 5227 394 5297 oeeplmlis
408 5229 440 5282 in
457 5227 642 5297 Neapolitano
664 5229 831 5284 torminibus
849 5229 891 5285 W.
904 5229 1024 5300 Meyer,
1045 5225 1461 5293 stre.Ber.Ber1.stao.1sso,
1480 5231 1536 5281 tet.
1572 5225 1710 5280 Romulos
1728 5229 1818 5280 auum
1836 5230 1918 5294 poeta

253 5314 340 5369 noluit
357 5315 490 5383 metari
505 5331 563 5370 non
580 5315 661 5385 queam
676 5315 781 5370 &aeon
792 5315 927 5372 eeeinisut
938 5321 988 5370 aut
1000 5316 1110 5372 Runa
1128 5313 1316 5380 Vondalieooe,
1335 5312 1382 5368 set
1398 5327 1468 5382 qnae
1481 5317 1577 5382 poetas
1586 5313 1759 5368 metarentur
1771 5311 1917 5378 Romanos

257 5416 338 5468 psam
354 5406 438 5456 areu
455 5418 475 5456 a
493 5401 636 5458 Felieiano
648 5401 753 5457 edemus
771 5407 809 5457 est
826 5401 921 5472 (Rom.
940 5403 995 5457 111
1004 5411 1035 5458 tt
1051 5403 1086 5459 de
1105 5404 1198 5458 vestro
1216 5401 1301 5468 lenm,
1319 5398 1464 5471 magister.
1483 5398 1648 5456 Romuleam
1665 5398 1759 5455 laetus
1777 5414 1856 5453 sumo
1868 5413 1920 5468 pro

255 5485 368 5542 flumine
394 5487 549 5561 lingnam),
574 5488 791 5560 summellam
813 5494 845 5542 nt
868 5493 1009 5558 opponeret
1031 5489 1194 5544 muueris.
1238 5504 1323 5557 neque
1346 5492 1435 5541 tamer
1459 5501 1486 5541 oe
1509 5486 1564 5555 ipse
1584 5485 1729 5540 wborum
1753 5483 1921 5552 substitit

257 5572 618 5646 somersetentem
636 5574 668 5629 in
684 5573 774 5630 enom
791 5573 897 5629 demun
916 5573 1046 5628 Latirrarn
1063 5571 1186 5628 didicisse
1206 5573 1284 5629 Rom
1303 5572 1406 5640 11117,
1424 5570 1497 5640 quot
1513 5572 1724 5644 mnieitllepu.
1815 5571 1846 5640 s)
1861 5570 1921 5625 uide
