4590 6390
963 399 1010 455 Du
1028 397 1212 454 MENSIBVS

884 924 954 999 DE
991 923 1277 1000 MENSIBVS

515 1131 699 1199 Ianuarius.
764 1129 913 1217 Purpura
935 1127 1080 1194 iuridicis
1104 1147 1212 1193 sacros
1234 1126 1374 1213 largitur
1395 1125 1536 1206 honoros

765 1239 799 1302 et
821 1253 906 1299 nora
928 1232 1085 1298 fastorum
1108 1235 1272 1319 permutat
1294 1229 1426 1296 nomina
1447 1229 1551 1296 libris.

513 1391 723 1458 Februarius.
762 1388 818 1455 Sol
840 1388 958 1456 hiemis
981 1387 1105 1473 glacies
1128 1387 1226 1453 solvit
1247 1387 1312 1452 iam
1335 1385 1474 1456 verbere
1496 1385 1519 1470 †
1541 1383 1645 1465 niues,

764 1493 885 1560 cortice
908 1489 1073 1578 turgidulo
1096 1496 1250 1578 rumpunt
1270 1491 1304 1556 in
1326 1489 1460 1577 palmite
1483 1508 1645 1574 gammae.

513 1651 661 1718 Martius.
763 1647 884 1714 Martia
907 1647 979 1714 iura
1001 1653 1119 1732 moret,
1142 1647 1242 1734 signis
1265 1646 1336 1714 fera
1360 1645 1449 1713 bella
1470 1645 1621 1726 minatur,

762 1754 885 1821 excitet
905 1757 943 1817 ut
964 1759 1089 1818 turmas
1108 1759 1142 1818 et
1163 1757 1292 1818 truncat
1314 1751 1400 1818 falce
1423 1750 1580 1817 novellas.

514 1912 647 1999 Aprilis.
761 1910 843 1977 Post
866 1911 965 1977 cbaos
987 1911 1161 1996 expulsum
1183 1909 1290 1975 rident
1312 1907 1489 1997 primordia
1511 1906 1633 1989 mundi,

762 2021 911 2102 tempora
932 2019 1114 2102 pensantur
1135 2014 1240 2079 noctis
1263 2033 1336 2079 cum
1360 2013 1433 2078 luce
1457 2011 1532 2078 diei.

511 2171 627 2239 Maius.
765 2171 866 2238 Prata
889 2192 948 2259 par
970 2171 1157 2238 innumeros
1180 2177 1319 2238 vernant
1341 2175 1506 2256 gemmata
1529 2169 1665 2250 colores,

761 2275 896 2342 floribus
918 2275 1091 2341 ambrosiis
1115 2295 1251 2364 caespes
1275 2274 1425 2341 stellatur
1447 2272 1575 2339 odorus.

510 2432 636 2502 Iunius.
759 2431 925 2498 Messibus
949 2431 1083 2498 armatis
1105 2431 1211 2497 flavae
1233 2430 1417 2520 crispantur
1438 2430 1561 2497 aristae

759 2537 901 2603 rusticus
924 2556 1088 2625 expensas
1112 2541 1146 2602 et
1168 2535 1284 2602 fluetus
1307 2541 1408 2602 nauta
1429 2534 1583 2622 reposcit.

510 2694 627 2761 Iulius.
759 2691 906 2759 Humida
928 2692 1007 2760 dant
1030 2691 1134 2759 siccas
1157 2713 1284 2760 mussas
1307 2690 1473 2758 domicilia
1493 2690 1625 2770 Lunae;

759 2797 910 2864 fontanas
932 2798 1085 2864 exhaurit
1108 2818 1221 2885 aquas,
1243 2803 1280 2862 ut
1301 2795 1398 2862 Nilus
1421 2796 1568 2865 inundet.

510 2957 690 3044 Augustus.
757 2957 852 3022 Atria
876 2955 962 3023 Solis
984 2955 1095 3038 habat,
1120 2955 1179 3022 sed
1203 2977 1323 3022 nomen
1346 2955 1497 3022 Caesaris
1520 2953 1635 3022 adfert.

760 3061 853 3126 mitia
875 3081 973 3148 poma
996 3059 1097 3144 dabit,
1122 3061 1226 3126 siccas
1249 3061 1326 3126 terit
1348 3081 1427 3126 area
1449 3059 1570 3146 fruges.

510 3215 717 3304 September.
760 3219 902 3283 Aestuat
924 3222 1099 3283 autumnus
1122 3217 1242 3304 partim
1266 3217 1467 3284 variantibus
1489 3219 1562 3285 uris

759 3321 912 3407 agricolis
935 3319 1100 3409 spondens
1124 3320 1309 3387 mercedem
1333 3323 1409 3388 vina
1431 3322 1590 3389 laborum.

509 3477 663 3545 October.
760 3475 926 3543 Promitur
949 3477 1102 3564 agricolis
1126 3478 1322 3544 saltantibus
1346 3479 1456 3545 ebrius
1480 3479 1585 3546 imber

759 3582 989 3668 rusticitasque
1012 3581 1109 3648 decet
1131 3581 1279 3667 gaudens
1303 3582 1376 3671 plus
1399 3582 1530 3649 sordida
1551 3591 1671 3652 musto.

508 3737 706 3805 November.
757 3736 856 3822 Pigra
878 3735 985 3802 redux
1007 3738 1164 3824 torpescit
1186 3737 1307 3814 biems;
1331 3738 1474 3804 mitescit
1497 3741 1592 3821 oliva,

759 3848 792 3907 et
815 3842 977 3908 frumenta
1000 3844 1088 3928 capit
1110 3862 1195 3928 quae
1218 3841 1353 3911 faenore
1377 3851 1464 3911 terra
1487 3845 1648 3913 refundat.

508 3998 704 4066 December.
757 3996 879 4084 Algida
901 3997 1017 4063 bruma
1038 3999 1154 4066 nivans
1178 4005 1293 4066 onerat
1315 4001 1393 4085 iuga
1415 4001 1505 4069 celsa
1526 4004 1651 4090 pruinis

758 4109 791 4168 et
813 4103 953 4188 glaciale
976 4103 1052 4189 gelu
1074 4105 1176 4170 nutrit
1199 4105 1259 4171 sub
1282 4105 1440 4171 matribus
1463 4127 1577 4193 agnos.

350 4385 382 4439 de
406 4385 453 4438 hoc
476 4393 499 4437 rt
520 4383 662 4450 insequenti
684 4383 799 4436 camnine
822 4384 879 4436 cide
899 4385 1091 4452 praefationem
1188 4384 1205 4438 2
1227 4387 1351 4454 permittit
1374 4386 1496 4439 Bllbrear
1592 4386 1609 4440 3
1634 4389 1708 4443 ninas
1728 4391 1814 4458 Corio,
1835 4394 1905 4446 mitis

250 4473 360 4538 Τναιιόι,
382 4489 489 4525 vemens
513 4471 582 4534 Lao,-
605 4487 642 4522 aa
663 4469 801 4524 tundens?
887 4473 938 4524 iam
963 4487 1024 4525 raro
1047 4473 1172 4540 nivesque
1193 4473 1316 4526 Butram
1418 4471 1435 4526 9
1461 4483 1554 4528 uernat
1582 4474 1667 4543 Corio,
1698 4495 1765 4530 corr.
1784 4479 1905 4532 Butram

281 4557 315 4612 10
331 4576 420 4628 caspar
438 4557 516 4612 θον-ἑο
611 4557 644 4610 ll
662 4559 762 4626 crispae
780 4559 909 4612 llarantur
929 4557 1013 4624 Uario,
1031 4575 1099 4612 corr.
1112 4559 1233 4613 Butram
1334 4557 1368 4612 l'l
1386 4577 1422 4612 aa
1440 4559 1557 4628 passim?
1652 4561 1686 4614 19
1703 4565 1804 4617 Euhius
1820 4566 1905 4618 imber

245 4645 368 4700 Bulbrrna
454 4643 489 4698 22
507 4648 612 4699 foenora
630 4643 708 4698 Corio

350 4921 363 4975 1
386 4919 472 4990 pleae
495 4921 633 4990 gemellum
659 4923 697 4974 est
717 4935 826 4975 carmen
849 4919 934 4976 Aralla.
947 4928 1000 4988 m,
1025 4921 1068 4975 nil
1092 4925 1181 4975 lamen
1202 4919 1279 4976 babet
1301 4922 1332 4974 in
1365 4921 1478 4991 amalis
1500 4921 1596 4990 simila·
1617 4921 1652 4989 cf.
1669 4923 1748 4978 ctiam
1770 4931 1831 4983 394.
1855 4933 1903 4985 395

278 5025 296 5080 4
315 5022 391 5078 Βαία
408 5023 442 5078 dc
459 5023 549 5080 aalma
567 5029 645 5094 remp.
657 5029 692 5080 69
709 5027 825 5096 turgent
842 5023 872 5080 in
891 5023 1010 5096 palmite
1027 5041 1155 5096 gemmae

922 5255 1229 5266 *—
