4590 6390
898 350 1073 408 ROMVLEA
1092 351 1168 408 VIII.
1187 353 1226 408 IX

628 523 693 590 heu
717 530 856 611 quantos
879 533 1014 613 raptura
1037 528 1134 612 viros,
1158 551 1241 615 quae
1264 529 1332 595 fata
1355 529 1471 596 datura

542 644 594 702 666
631 635 689 694 aut
711 636 850 715 quantas
873 653 933 717 per
955 632 1043 698 bella
1065 654 1166 699 nurus
1190 633 1324 701 viduare
1347 639 1479 722 parata!

631 734 756 815 Troilo,
779 741 925 800 sectatur
946 737 1086 822 vestigia
1108 743 1218 803 vestra
1240 736 1377 806 Polites.

631 839 678 902 sio
702 839 786 904 solet
809 838 924 904 umbra
948 861 1073 926 sequax
1096 841 1261 907 hominem
1284 842 1416 908 larvalis
1439 844 1547 930 imago

629 948 720 1008 muta
744 943 835 1028 sequi
858 964 919 1008 nee
943 943 1090 1010 membra
1112 951 1232 1028 movet,
1255 946 1318 1012 nisi
1340 947 1480 1013 moverit
1502 949 1558 1013 ille

629 1066 726 1130 quern
750 1047 909 1132 aequitum
934 1047 960 1112 si
985 1054 1094 1114 cesset
1116 1049 1224 1130 homo,
1248 1049 1391 1115 cessabit
1412 1051 1520 1137 imago

542 1162 595 1219 635
633 1149 685 1215 vel
709 1149 925 1236 quodeunque
949 1172 1085 1217 movens
1109 1152 1137 1216 ei
1160 1151 1291 1234 sederit,
1315 1154 1372 1218 illa
1395 1152 1524 1220 sedebit

631 1253 774 1319 motibus
796 1261 831 1320 et
852 1255 944 1320 falsis
967 1276 1062 1320 veras
1086 1256 1213 1321 imitata
1236 1257 1368 1342 figuras,

630 1357 675 1422 nil
699 1357 821 1423 iaciens
845 1359 940 1445 quasi
963 1364 1082 1425 cuncta
1110 1359 1206 1425 lacit:
1231 1361 1278 1425 sic
1301 1381 1430 1446 quoque
1452 1361 1584 1428 Polites.

714 1461 855 1528 duxerat
877 1483 1014 1529 uxorem
1039 1469 1149 1550 pastor
1173 1484 1246 1528 cum
1270 1471 1358 1530 sorte
1381 1465 1526 1530 sinistra:

630 1566 695 1630 iam
718 1587 839 1650 muros,
864 1567 927 1632 iarn
950 1572 1039 1633 tecte
1061 1574 1190 1655 petunt,
1214 1569 1278 1634 iam
1301 1569 1389 1656 regis
1412 1567 1454 1632 ad
1476 1571 1584 1635 aulam

492 1754 494 1760 s
541 1688 594 1746 646
630 1670 769 1738 intratur
790 1691 1010 1758 sponsamque
1034 1679 1151 1758 tegunt
1174 1694 1233 1739 sua
1255 1674 1406 1741 flammea
1427 1675 1606 1763 pulchram,

632 1778 697 1842 iarn
720 1775 872 1843 thalamis
897 1782 1011 1842 ornata
1033 1775 1141 1853 sedet;
1164 1775 1303 1842 saltatur
1325 1777 1357 1842 in
1380 1780 1472 1863 urbe,

630 1887 787 1967 tympana
808 1881 874 1946 iam
897 1881 1058 1966 quatiunt,
1083 1879 1146 1946 iam
1171 1881 1292 1946 rustica
1314 1880 1424 1948 fistula
1447 1904 1578 1950 carmen

627 1985 792 2072 pastorale
816 1985 912 2050 canit.
957 1985 1056 2050 lituus
1080 1985 1128 2049 nil
1151 1984 1246 2050 dulce
1269 1987 1420 2072 remugit,

629 2090 822 2156 fescennina
845 2091 943 2155 silent
966 2095 1000 2154 et
1022 2089 1142 2154 bucina
1164 2089 1252 2156 bella
1274 2091 1429 2164 minatum

546 2210 598 2268 646
634 2216 696 2260 nec
720 2195 835 2260 molles
859 2193 939 2259 tuba
962 2215 1061 2259 rauca
1083 2213 1180 2259 sonos
1203 2193 1303 2274 dedit,
1327 2216 1403 2260 aere
1427 2217 1543 2262 canoro

628 2299 779 2385 increpat
803 2317 896 2364 arma
918 2297 1018 2364 duces
1042 2298 1165 2383 clipeos
1189 2304 1223 2364 et
1245 2298 1336 2364 mille
1359 2299 1502 2376 carinam

632 2404 769 2468 classica
791 2401 927 2489 Tydidis
951 2402 1153 2468 committere
1176 2401 1264 2468 bella
1286 2407 1430 2489 putares.

629 2509 676 2574 ite
700 2527 809 2595 parca,
834 2507 956 2594 sponsi,
980 2507 1043 2571 lam
1068 2507 1194 2571 somnia
1217 2512 1302 2572 tetra
1324 2507 1488 2593 probastis

632 2613 747 2676 matris
771 2616 804 2677 et
826 2611 932 2676 ornati
954 2611 1073 2675 misero
1096 2610 1286 2675 flammastis
1310 2632 1421 2676 amore

538 2732 590 2789 666
630 2721 795 2781 ostensam
819 2715 880 2780 sub
903 2720 1000 2780 nocte
1022 2714 1140 2794 facem,
1164 2734 1229 2800 qua
1251 2713 1350 2780 Troia
1373 2721 1543 2796 cremetur,

624 2841 687 2906 qua
713 2817 864 2906 Phryges
886 2819 1053 2884 incurrant
1076 2817 1199 2883 obitum
1224 2819 1294 2883 sine
1317 2819 1451 2884 crimine
1475 2820 1598 2885 mortis.

623 2923 784 3009 sanguine
808 2922 949 2988 Troiano
975 2921 1105 2988 dabitur
1127 2921 1197 3004 dos,
1221 2921 1312 2988 clade
1336 2921 1512 3008 Pelasgum

625 3027 747 3094 ditetur
769 3026 904 3092 Ledaea
927 3027 1030 3112 fugax
1051 3047 1111 3112 per
1135 3033 1242 3104 castra
1263 3045 1421 3112 propago,

628 3131 786 3197 orbentur
809 3131 933 3218 superi,
957 3130 1082 3196 caelum
1106 3136 1217 3216 gemat
1239 3135 1272 3195 et
1294 3151 1384 3195 mare
1407 3131 1553 3217 plangat:

537 3253 589 3308 655
625 3235 747 3304 cumen
773 3234 925 3300 adulterii
949 3235 1022 3300 talis
1046 3233 1190 3299 vindicta
1213 3241 1378 3321 sequatur.

1024 3527 1085 3592 IX.

381 3683 727 3752 DELIBERA'IIVA
751 3681 977 3767 ACHILLIS,
1001 3682 1064 3748 AN
1088 3681 1264 3748 CORPVS
1288 3682 1515 3752 HECTORIS
1539 3687 1735 3758 VENDA'I.

628 3858 655 3922 si
679 3856 780 3923 decus
804 3863 854 3922 est
876 3858 978 3922 virtus
1001 3863 1035 3923 et
1056 3858 1203 3944 praemia
1226 3862 1344 3924 cuncta
1366 3866 1521 3945 meretur,

628 3963 656 4026 si
680 3962 832 4027 meritum
855 3967 931 4048 post
953 3961 1057 4047 prima
1079 3966 1199 4043 manet,
1223 3961 1250 4026 si
1274 3962 1363 4028 sarna
1385 3971 1551 4049 superstes

626 4065 750 4131 eminet
773 4070 806 4129 et
827 4064 949 4150 gaudet
972 4065 1076 4130 titulis
1100 4086 1216 4131 ornare
1239 4065 1421 4152 sepulchra,

626 4190 734 4234 annue
758 4167 846 4254 quod
867 4169 1021 4256 petimus.
1067 4168 1161 4234 lortis
1184 4189 1243 4255 pro
1267 4170 1350 4235 forte
1374 4172 1517 4257 rogaris:

574 4289 591 4344 5
627 4273 780 4360 egregias
803 4279 932 4338 mentes
955 4274 1058 4338 virtus
1082 4272 1227 4339 delectat
1250 4273 1283 4339 in
1305 4274 1409 4357 hoste,

331 4480 383 4536 629
400 4491 499 4549 quanto
518 4484 552 4549 N,
577 4501 644 4538 corr.
663 4484 781 4537 Iannelli
857 4492 965 4552 raptura
988 4481 1048 4548 (ura
1070 4499 1102 4535 ec
1126 4483 1208 4535 tribum
1232 4484 1293 4536 aliie
1311 4484 1388 4548 corr.)
1406 4485 1437 4536 N
1509 4487 1579 4539 uiros
1604 4495 1660 4554 atq3
1685 4487 1740 4540 iata
1756 4485 1791 4551 N,
1816 4503 1885 4538 corr.

225 4570 337 4624 Ribbeck
400 4579 427 4624 et
446 4574 500 4625 iata
512 4572 637 4636 Ionnelli,
656 4578 720 4638 quot
737 4573 792 4624 latu
804 4569 939 4638 dorabecq,
957 4570 1169 4638 satoquePeiper
1239 4569 1290 4623 633
1307 4573 1438 4640 MultaN,
1456 4591 1523 4626 corr.
1536 4575 1664 4626 Bdclrcler
1731 4571 1837 4625 6351161
1850 4573 1884 4638 Ν,

225 4659 263 4710 nil
284 4658 395 4712 Ribbeck
483 4661 639 4728 quodcnmq3
661 4658 697 4724 (nr
721 4676 752 4711 2ae
774 4659 802 4725 n)
823 4658 854 4709 N
954 4655 1006 4710 688
1028 4659 1138 4710 Dixerat
1159 4657 1194 4722 N,
1218 4675 1284 4710 corr.
1302 4659 1420 4712 Ionneili
1523 4659 1575 4714 640
1592 4661 1739 4714 latratu-ri
1757 4661 1795 4726 (tu
1813 4677 1845 4711 ea·
1862 4662 1884 4711 ri

224 4745 363 4811 correctae)
388 4747 420 4798 N
506 4745 556 4799 641
580 4745 620 4798 lid
641 4746 673 4797 N
762 4744 814 4798 646
837 4747 947 4814 Typana
969 4744 998 4795 N
1070 4745 1167 4796 rustico
1192 4751 1270 4808 (corr.
1287 4763 1319 4798 aa
1341 4747 1439 4811 fistula)
1457 4748 1542 4800 fistula
1559 4749 1591 4799 N
1673 4745 1725 4800 646
1737 4755 1799 4813 port
1815 4747 1885 4798 dedit

223 4835 318 4886 incidit
334 4833 471 4900 Br'iebeler,
489 4836 522 4896 cf.
538 4833 612 4901 Ver-9.
700 4831 752 4885 648
773 4834 823 4884 iarn
842 4833 929 4884 omina
946 4829 972 4895 (o
998 4839 1022 4882 et
1044 4847 1078 4882 na
1101 4831 1129 4882 ira
1156 4831 1264 4896 rorare)
1290 4831 1324 4898 N,
1350 4851 1418 4885 corr.
1437 4833 1558 4886 Bilbrenr
1662 4833 1713 4887 649
1735 4833 1826 4885 Martis
1848 4833 1884 4896 N,

223 4940 291 4975 corr.
304 4921 430 4989 Rorrbcrp
500 4923 583 4974 ornati
596 4921 629 4988 N,
648 4922 722 4974 unati
738 4920 863 4987 Rorsbcry
933 4915 984 4970 650
1003 4919 1113 4970 Ostensa
1127 4917 1161 4982 N,
1175 4936 1244 4974 corr.
1258 4919 1379 4972 Bbhreas
1392 4920 1473 4973 Dabo
1543 4923 1569 4974 ia
1582 4921 1612 4973 N
1621 4921 1790 4987 subscriptam
1808 4917 1884 4976 τέλος

328 5024 372 5079 lx
415 5025 432 5078 2
459 5034 516 5094 post
537 5043 615 5094 panna
636 5025 671 5089 N,
698 5025 811 5090 cerream
835 5032 964 5092 postrema
989 5022 1125 5086 Br'lcbcier,
1147 5032 1207 5092 post
1232 5027 1302 5077 lama
1324 5027 1364 5077 vel
1388 5027 1475 5094 palm
1492 5027 1627 5094 Rossberp,
1649 5033 1707 5094 poet
1728 5027 1784 5078 sata
1802 5024 1883 5075 Dalm

260 5111 277 5166 3
294 5114 408 5166 Etrninet
426 5112 455 5163 N
523 5111 540 5164 b
557 5113 633 5166 babet
648 5113 672 5164 V
672 5114 725 5181 sol.
738 5116 784 5179 3',
802 5116 825 5176 2,
838 5114 871 5164 23
940 5112 1013 5163 hoste
1025 5116 1178 5175 (correctum
1189 5111 1308 5164 rodendo
1320 5113 1419 5166 hostem
1437 5113 1465 5165 in
1477 5113 1571 5176 hostes,
1591 5113 1683 5166 deinde
1695 5121 1718 5164 ct
1729 5129 1742 5164 a
1754 5109 1844 5173 noan)
1858 5111 1887 5161 N

328 5301 379 5357 638
397 5301 697 5371 61.Η61.6αηη.1,15,
713 5309 729 5357 5
747 5301 822 5357 mala
840 5300 919 5356 ducis
943 5299 990 5355 avi
1015 5299 1128 5356 domurn
1214 5299 1436 5368 64616616,
1453 5308 1501 5358 613
1518 5301 1659 5374 pastorale
1678 5300 1756 5356 canit
1773 5299 1882 5370 signum

263 5405 339 5476 Vera.
352 5408 421 5463 Aen.
435 5413 458 5472 9,
471 5413 520 5463 603
537 5411 568 5463 at
587 5408 656 5463 tuba
674 5406 829 5463 terribilem
848 5406 970 5461 sonitum
992 5405 1090 5476 procul
1113 5422 1176 5460 aere
1200 5422 1302 5461 canoro
1326 5406 1475 5477 increpuit,
1494 5405 1621 5474 sequitur
1638 5405 1742 5459 clamor
1760 5403 1880 5460 caelum·

223 5526 278 5578 que
296 5511 419 5583 remugit
488 5513 541 5568 646
558 5511 597 5565 ad
612 5511 694 5566 VIII
707 5519 755 5566 126
831 5511 883 5567 648
901 5510 994 5580 Epiro.
1007 5509 1153 5564 Laurerstii
1172 5509 1267 5579 (Anile.
1283 5514 1343 5580 742)
1363 5519 1395 5566 19
1413 5511 1452 5567 ite
1473 5527 1554 5580 pares
1571 5507 1662 5576 speram
1731 5508 1782 5562 652
1808 5507 1881 5575 Very.

224 5615 290 5670 Aen.
306 5623 327 5682 7,
339 5621 390 5671 318
406 5615 544 5686 sanguine
562 5615 683 5672 Troiano
693 5658 698 5670 .
709 5657 733 5672 ..
752 5615 894 5672 dotaberc.
929 5614 964 5681 cs.
978 5614 1062 5670 Drcc.
1076 5613 1126 5668 IX
1141 5619 1176 5668 63
