4554 6396
820 371 974 429 EVOENII
1009 370 1268 430 HEXAEMERON

629 555 665 615 tu
687 548 793 631 uobis,
816 550 936 616 inuicte
959 548 1050 632 deus,
1073 548 1195 635 pietate
1217 547 1393 614 medellam

475 669 527 725 625
601 663 602 666 ’
631 651 791 740 inpendia,
816 655 869 719 cui
893 659 1006 719 sancta
1030 654 1119 719 salus
1143 651 1362 719 medicamine
1384 652 1474 718 nulio
1499 659 1560 736 est,

573 791 611 830 ro
630 759 716 846 quod
739 759 867 848 species
889 764 1022 826 terrena
1042 764 1137 844 peret
1159 758 1325 843 languoris
1348 757 1391 822 ed
1412 764 1533 823 aestus.

628 884 705 950 spes
728 863 897 929 hominum
919 882 1055 928 cerneus
1079 867 1113 927 et
1135 867 1213 926 vote
1234 861 1404 946 precantia
1426 861 1597 948 complens

628 967 738 1054 aspice
761 966 936 1047 deiectum,
960 965 1151 1052 despectum
1174 964 1255 1030 tolle
1279 985 1455 1052 parumper

628 1071 880 1158 confessumque
903 1070 990 1150 iuva,
1015 1089 1113 1155 quem
1135 1069 1283 1156 paenitet
1306 1089 1380 1135 esse
1404 1073 1589 1152 nocentem,

473 1190 526 1249 630
628 1180 666 1240 ut
688 1176 817 1242 veleam
839 1194 973 1240 narrare
997 1179 1071 1239 tuas
1095 1172 1157 1238 hoo
1180 1172 1324 1238 cermIne
1346 1171 1472 1254 leudes,

571 1309 610 1350 rso
628 1300 708 1366 quas
731 1284 845 1366 potero
869 1276 958 1362 (nam
982 1297 1079 1342 nemo
1103 1276 1192 1342 valet
1214 1296 1347 1342 narrsre
1370 1271 1500 1342 orestus

629 1383 682 1449 vel
704 1381 867 1448 modicum
889 1380 1041 1448 facientis
1065 1378 1173 1468 opus),
1196 1379 1283 1465 quod
1306 1400 1399 1445 mens
1422 1400 1480 1446 rea
1504 1379 1623 1446 clamat

628 1494 762 1575 pectore
785 1492 921 1552 contuso
944 1485 1118 1550 lacrImans
1142 1489 1176 1550 et
1197 1503 1277 1549 voce
1300 1483 1405 1560 fideli;

630 1591 727 1658 obses
751 1610 858 1656 sermo
881 1594 958 1655 tuus
980 1594 1092 1656 nostro
1115 1609 1191 1654 nam
1214 1586 1313 1653 eorde
1336 1592 1477 1668 tenetur,

473 1712 525 1769 635
630 1715 693 1782 quo
716 1700 749 1761 te
770 1694 933 1782 promittis
956 1693 1057 1759 nimia
1078 1693 1202 1778 pietate
1224 1696 1407 1779 parentem.

377 2021 593 2091 EXPLICIT
618 2021 872 2090 DRACONTII
894 2022 1033 2090 LIBER
1054 2022 1225 2090 PRIMVS
1248 2022 1309 2090 DE
1333 2022 1534 2090 FABRICA
1559 2023 1708 2090 MVNDI

886 2143 1210 2212 ARGVMENTVM

371 2299 433 2368 hoc
462 2302 613 2388 sequenti
642 2300 754 2368 libello
779 2303 921 2368 auctoris
946 2302 1128 2370 satisfactio
1151 2300 1351 2384 continetur,
1382 2320 1446 2388 qua
1468 2301 1683 2388 omnipotenti
1706 2301 1768 2367 deo

371 2406 500 2472 veniam
534 2405 635 2494 petit,
669 2427 710 2472 ne
739 2406 952 2494 praecedenti
987 2407 1131 2474 carmine
1163 2406 1285 2494 aliquid
1312 2405 1463 2474 incautus
1498 2412 1656 2488 errasset,
1692 2405 1768 2472 dein

333 2541 345 2582 s
373 2509 558 2576 Theodosio
580 2511 697 2578 iuniori
719 2511 871 2598 Augusto
894 2531 1027 2599 precem
1051 2511 1171 2593 defert,
1201 2532 1259 2578 cur
1280 2510 1320 2576 de
1345 2510 1518 2598 triumphis
1540 2510 1627 2576 illius
1652 2509 1769 2576 eodem

374 2635 473 2702 opere
495 2616 664 2686 tacuisset.

373 2804 542 2872 INCIPIT
565 2805 704 2872 LIBER
728 2805 963 2874 SECVNDVS
987 2804 1241 2872 DRACONTII
1265 2804 1561 2874 SATISEAOTIO
1585 2804 1672 2873 PRO
1698 2803 1752 2870 SE

582 2924 716 2996 (Eapem‘i
732 2927 912 2983 recensionem
928 2942 979 2992 nos
995 2926 1076 2982 iusta
1093 2925 1242 2982 maome
1257 2941 1325 2995 opas
1342 2925 1420 2994 infra
1439 2925 1557 2995 edemus)

373 3099 587 3168 EXPLICIT
609 3101 813 3169 EIVSDEM
836 3101 1087 3169 DRACONTII
1109 3101 1250 3168 LIBER
1273 3099 1509 3168 SECVNDVS

327 3255 353 3296 so
375 3221 544 3288 INCIPIT
567 3221 863 3290 MONOSTICHA
886 3223 1334 3291 Rncsrluvuuulouls
1358 3222 1536 3291 SEPTEM
1559 3222 1738 3290 DIERVM

578 3360 708 3427 Primus
730 3361 763 3426 iu
787 3362 866 3428 orbe
889 3360 960 3428 dies
983 3362 1067 3427 lueis
1089 3361 1267 3448 primordia
1289 3361 1439 3449 sumpsit,

579 3464 663 3530 ulter
685 3465 889 3552 splendifluis
912 3465 1041 3532 caelum
1063 3466 1205 3532 firmavit
1227 3467 1260 3532 in
1283 3467 1357 3547 oris,

577 3568 693 3634 tertius
716 3567 915 3655 undivagum
938 3591 1028 3636 mare
1052 3568 1108 3636 dat
1131 3591 1205 3635 cum
1228 3571 1375 3656 germine
1399 3574 1516 3649 terrae,

579 3679 713 3758 quartus
736 3672 836 3739 habet
858 3673 1030 3740 Phoebum
1053 3675 1230 3760 lunamque
1253 3681 1287 3739 et
1310 3673 1419 3740 sidera
1441 3673 1536 3754 caeli,

493 3793 511 3848 5
581 3777 713 3862 quintus
733 3774 936 3864 'plumigeras
959 3779 1109 3844 volucres
1131 3778 1306 3864 piscesque
1330 3783 1492 3860 natantes,

581 3887 693 3946 sextus
716 3880 954 3969 quadrupedes,
978 3887 1111 3968 reptans
1135 3881 1347 3968 hominesque
1371 3903 1521 3968 sagaces.

666 3987 824 4072 septimus
848 3992 900 4051 est
922 3985 1053 4051 domino
1077 3986 1208 4072 requies
1231 3985 1283 4052 his
1307 3987 1369 4052 rite
1392 3986 1544 4074 peractis,

580 4110 646 4156 non
669 4091 746 4177 quia
769 4092 994 4180 cunctipotens
1017 4091 1160 4157 humano
1183 4111 1272 4157 moro
1298 4089 1427 4157 laboret

322 4367 518 4422 detruncas
583 4367 719 4421 medellam
736 4367 855 4436 inpendis
875 4364 878 4436 4
898 4369 948 4421 Cui
965 4377 1054 4423 sancta
1072 4368 1108 4420 M
1189 4367 1241 4422 625
1258 4367 1381 4436 Inpendis
1403 4383 1462 4419 cnm
1489 4373 1580 4418 sancta
1597 4361 1677 4430 ΕΟΖ,
1694 4363 1815 4431 inpendio
1832 4363 1875 4415 cui

219 4455 279 4521 (hoe
296 4472 344 4508 oei.
357 4453 393 4520 Ρ)
411 4465 506 4510 cuncta
524 4455 576 4510 FP
590 4456 648 4509 edd.
720 4466 759 4509 est
777 4473 825 4508 om.
839 4454 888 4506 ΡΖ
972 4454 1024 4509 626
1048 4457 1140 4508 edetur
1158 4455 1215 4521 LQ,
1234 4455 1322 4522 adepti
1340 4454 1366 4504 Z
1448 4451 1500 4505 629
1517 4453 1592 4520 iubat
1609 4451 1661 4504 FP
1728 4468 1804 4520 quem
1823 4467 1875 4502 non

220 4557 244 4610 p.
263 4559 286 4595 e.
303 4551 404 4596 noctem
424 4543 473 4607 LQ
559 4540 612 4595 630
628 4545 662 4594 Et
679 4541 708 4594 F
790 4539 842 4594 632
860 4558 932 4595 mens
950 4543 1072 4594 reclamat
1090 4541 1146 4608 LQ,
1165 4549 1250 4595 mente
1268 4542 1391 4594 reclamet
1408 4539 1434 4590 Ζ

325 4664 348 4716 1.
367 4663 384 4716 2
406 4665 442 4718 sio
459 4664 504 4730 M,
526 4683 575 4718 om.
592 4661 686 4730 PFQ,
710 4665 736 4716 L
756 4665 796 4716 rsit
816 4664 891 4718 hahet
911 4663 962 4716 nisi
986 4665 1147 4718 EXPLICIT
1169 4664 1358 4716 Dssscouuu
1384 4664 1487 4716 LIBER
1514 4662 1654 4728 PRIMUS,
1682 4660 1775 4714 deinde
1801 4659 1875 4711 eatis·

219 4751 301 4819 sectio
323 4759 346 4804 et
362 4753 521 4804 moswetr'oho
538 4752 631 4804 desum
648 4753 675 4802 in
693 4751 768 4814 LQZ
845 4749 974 4804 Sactoris
991 4751 1024 4817 F,
1046 4753 1146 4804 auctori
1164 4752 1199 4802 Μ
1263 4767 1343 4818 quam
1361 4751 1400 4817 Μ,
1418 4750 1492 4802 nolui
1509 4767 1561 4818 quo
1578 4751 1613 4802 ah
1694 4747 1826 4802 derraset
1837 4746 1876 4808 M,

220 4845 304 4890 sraset
321 4837 351 4889 F
432 4837 581 4892 Oteodosic
599 4838 637 4902 Μ,
655 4839 770 4890 teudosio
788 4836 841 4889 FP
924 4837 949 4889 5.
968 4837 984 4889 6
1002 4840 1090 4890 eodem
1109 4855 1185 4907 opere
1202 4839 1327 4891 neuimst
1344 4855 1392 4890 om.
1406 4837 1440 4888 Μ
1524 4835 1605 4888 Icrn.
1619 4835 1671 4887 FP
1744 4833 1769 4886 9.
1791 4834 1824 4886 10
1840 4833 1877 4885 ric

219 4925 248 4976 s'rr
270 4923 331 4976 FP:
358 4926 582 4978 MONOSTICHA
609 4924 733 4988 (eules
760 4923 826 4988 ΡΜ)
855 4925 1188 4978 RECAPITULATIONIS
1218 4927 1357 4978 SEPTIMI
1385 4927 1458 4976 DIEI
1486 4922 1509 4975 Α
1537 4925 1652 4976 BEATO
1678 4922 1813 4988 (DOMNO
1841 4921 1875 4984 P)

220 5013 373 5064 EUOENIO
390 5013 427 5064 IN
445 5013 525 5064 FINE
542 5013 634 5064 LIBRI
651 5011 840 5064 DRACONTII
857 5011 1174 5078 Immunem-lucus
1192 5012 1221 5063 F
1235 5029 1334 5080 scarpo,
1352 5012 1387 5079 P)

323 5153 412 5188 cerm
430 5140 504 5189 1-7
520 5143 597 5188 munt
612 5136 665 5186 iam
686 5135 754 5187 inter
771 5133 883 5200 Euperre'i
905 5133 1026 5184 carmina
1042 5133 1158 5198 minero,
1181 5151 1251 5186 nunc
1273 5151 1379 5187 carmen
1398 5136 1432 5186 37
1516 5149 1604 5186 cerem
1622 5137 1715 5186 1-ae
1738 5151 1784 5186 ece
1807 5151 1878 5188 more

220 5224 326 5290 furatus
343 5233 379 5276 eet
390 5223 534 5291 Wipbodae,
551 5232 610 5275 eunt
627 5223 694 5275 enim
712 5239 769 5276 esem
781 5222 868 5274 titulo:
886 5223 962 5276 Retio
972 5223 1020 5273 VII
1038 5222 1137 5274 dierum
1156 5223 1335 5274 ordinatoria
1353 5221 1438 5274 codice
1452 5221 1481 5275 S.
1493 5221 1633 5274 Maximini
1644 5222 1711 5274 edito
1729 5240 1747 5274 a
1759 5223 1878 5275 Mostene

221 5310 272 5376 (Μ.
284 5319 309 5362 et
319 5309 443 5376 Duraod,
461 5319 507 5362 oet.
520 5311 607 5378 ecn'pt.
625 5319 649 5364 et
665 5327 777 5362 morsum.
791 5310 870 5375 ampl.
884 5308 996 5360 collectio
1011 5307 1054 5358 IX
1070 5305 1191 5372 295—8),
1211 5311 1245 5360 34
1262 5317 1285 5360 et
1302 5311 1337 5360 35
1355 5325 1416 5359 cene
1433 5316 1470 5360 eet
1486 5309 1553 5360 idem
1571 5309 1598 5360 iu
1616 5311 1730 5362 carmine
1743 5311 1780 5361 ΙΙ
1794 5312 1877 5376 (Poet.

224 5399 448 5468 Carol.1p.97),
468 5405 546 5468 dorp.
633 5397 650 5452 2
668 5403 694 5452 in
712 5399 800 5451 herbis
819 5397 856 5460 Μ,
875 5399 902 5449 in
921 5398 990 5448 orbis
1010 5400 1034 5446 Λ
1055 5401 1148 5462 (eamn.
1161 5397 1220 5450 min.
1234 5395 1278 5466 37)
1365 5397 1382 5450 6
1400 5400 1506 5466 fugaces
1523 5399 1587 5449 mire
1605 5397 1663 5450 edd.

328 5659 340 5714 l
361 5655 463 5712 Iulian,
483 5655 537 5712 Tol.
547 5671 657 5725 mamm.
669 5657 756 5727 sappi
767 5673 796 5726 p.
812 5656 887 5712 CCX
894 5657 937 5711 VI
948 5664 966 5712 8
985 5655 1131 5724 eaemplrem
1148 5654 1293 5710 masculini
1310 5655 1370 5710 dies
