4590 6390
1108 364 1311 422 DRACON'I'II

780 542 839 608 sed
861 542 979 608 faculis
1002 547 1127 608 armata
1150 542 1231 628 rogi,
1254 540 1424 607 subcincta
1446 542 1589 608 cerastis.

692 663 744 718 824
779 645 910 732 ignibus
932 644 1071 712 admotis
1095 645 1252 710 resolutos
1275 644 1409 710 orbibus
1433 665 1559 731 angues

692 765 745 821 823
780 751 899 837 ingerit
920 752 954 816 in
976 751 1094 816 faciem
1117 751 1255 831 iuvenis,
1278 749 1417 816 mortale
1440 750 1591 816 minatur.

692 871 743 926 825
778 860 963 921 terruerant
983 854 1066 921 haec
1088 855 1371 935 monstraturum,
1398 853 1482 940 fugit
1504 853 1588 919 atria
1609 853 1763 936 lustrans,

780 959 838 1024 sed
860 959 1007 1046 sequitur
1029 958 1205 1024 metuenda
1227 979 1363 1045 parens;
1385 957 1469 1043 petit
1491 957 1547 1024 ille
1570 979 1720 1024 recessus

737 1069 738 1072 ’
779 1085 839 1151 ρον
862 1069 991 1130 secreta
1014 1061 1140 1142 domus,
1163 1061 1231 1127 illic
1253 1062 1359 1147 magis
1382 1061 1505 1127 invonit
1527 1061 1668 1128 hostem.

778 1167 872 1232 obice
895 1166 1078 1255 postposito
1102 1187 1180 1231 mox
1203 1167 1302 1232 ianua
1325 1163 1468 1232 cluditur
1490 1165 1606 1231 omnis:

779 1271 925 1359 repperit
946 1271 1083 1337 interius
1105 1275 1242 1336 matrem
1265 1269 1299 1334 in
1321 1269 1546 1356 penetralibus
1570 1269 1674 1334 aulae.

691 1392 744 1449 aaa
780 1375 948 1442 inlremnit
970 1381 1088 1441 conata
1110 1374 1212 1461 loqui:
1235 1365 1429 1455 ‘crudelior’,
1452 1374 1566 1460 inquit,

778 1477 889 1568 inpie,
912 1500 977 1544 non
1000 1485 1051 1545 sat
1073 1485 1146 1546 erat
1168 1478 1301 1566 pietatis
1324 1479 1442 1544 vulnus
1466 1477 1632 1558 acerbum,

778 1590 814 1648 ut
836 1583 996 1649 scelerata
1017 1603 1134 1649 manus
1157 1582 1336 1648 macularet
1358 1602 1452 1648 sacra
1474 1581 1632 1648 deorum?

779 1686 894 1753 claude
917 1685 1129 1753 adamanteas
1152 1686 1273 1752 ferrato
1297 1683 1428 1752 cardine
1450 1690 1573 1772 portas,

778 1790 911 1856 obstrue
934 1811 994 1878 per
1016 1790 1197 1877 chalybem,
1222 1790 1250 1856 si
1274 1795 1349 1856 sunt
1371 1789 1432 1855 tihi
1454 1790 1544 1856 mille
1567 1789 1745 1856 fenestrae:

691 1910 743 1967 835
779 1894 929 1960 omnibus
952 1893 1025 1982 ipsa
1046 1894 1128 1960 locis
1153 1893 1253 1960 adero
1276 1894 1336 1960 tihi
1359 1893 1487 1960 saevior
1509 1893 1626 1960 umbra

778 2019 838 2088 per
859 1998 945 2066 freta
967 2019 1026 2086 ρον
1049 2019 1182 2086 campos
1204 2019 1264 2086 per
1286 1998 1386 2064 silvas
1410 1997 1544 2064 flumina
1566 1994 1717 2066 moutes.’

746 2097 747 2100 ’
778 2103 861 2169 dixit
882 2108 916 2169 et
938 2122 1045 2189 angue
1067 2103 1139 2190 rogi
1161 2101 1334 2189 crepitanti
1356 2107 1488 2188 pectora
1509 2101 1631 2170 turbat.

778 2212 830 2273 ast
852 2205 909 2272 ubi
930 2207 1097 2294 pernicem
1120 2226 1185 2273 non
1209 2211 1261 2272 est
1282 2205 1331 2271 fas
1353 2206 1488 2273 sincere
1512 2212 1661 2290 matrem,

778 2313 803 2376 it
825 2333 942 2378 manus
965 2310 1006 2376 ad
1030 2311 1194 2399 capulum,
1218 2309 1278 2377 sed
1301 2310 1425 2378 crebris
1449 2310 1569 2377 ictibus
1593 2333 1690 2378 auras

692 2431 743 2490 840
778 2414 893 2482 dividit
915 2423 949 2483 et
971 2437 1107 2484 vacuam
1130 2421 1264 2482 revocat
1287 2415 1355 2480 sine
1379 2415 1515 2482 vulnere
1538 2415 1688 2484 dextram

779 2543 818 2588 ao
840 2522 941 2588 miser
962 2522 1150 2609 increpitat:
1172 2516 1279 2587 ‘meus
1302 2526 1353 2586 est
1374 2519 1428 2586 hic
1452 2541 1562 2587 mucro
1586 2526 1760 2600 cruentus3

778 2647 852 2712 quo,
874 2627 1041 2710 meretrix,
1064 2646 1220 2713 percussa
1242 2625 1342 2707 iaces,
1374 2624 1494 2692 feriere
1518 2622 1683 2694 secundo?

779 2730 871 2813 dixit,
896 2737 929 2798 et
952 2751 1134 2818 agnoscens
1157 2729 1303 2817 gladium
1326 2730 1437 2815 gravis
1460 2730 1579 2796 umbra
1601 2731 1735 2817 fugatur

779 2855 857 2901 aera
879 2857 939 2922 por
960 2841 1119 2918 tenerum,
1143 2841 1252 2902 tamen
1274 2835 1339 2902 heu
1362 2840 1552 2902 remanente
1575 2835 1683 2902 furore

692 2956 744 3012 845
778 2939 917 3027 perfurit
939 2939 1093 3006 Inachius
1116 2938 1236 3005 vindex
1250 2937 1509 3026 Agamemnonis
1533 2938 1640 3020 heros,

779 3051 816 3110 ut
838 3044 916 3110 furit
938 3065 981 3110 ex
1003 3043 1134 3111 Baccho
1158 3045 1243 3110 male
1267 3043 1396 3110 sobrius
1421 3043 1477 3110 ille
1500 3042 1681 3131 Lycurgus,

778 3153 816 3214 ut
837 3148 914 3214 furit
929 3147 1063 3215 Alcides
1087 3169 1186 3216 saeva
1207 3154 1351 3216 terrente
1377 3147 1545 3233 Megaera,

778 3259 816 3318 ut
838 3251 1002 3340 quondam
1023 3253 1125 3318 furuit
1146 3251 1297 3319 Danaum
1321 3252 1515 3319 fortissimus
1538 3252 1636 3336 Aiax,

777 3357 921 3422 infremit
942 3357 1115 3444 inpatiens,
1137 3363 1207 3424 tota
1229 3357 1380 3424 discurrit
1402 3358 1436 3423 in
1459 3357 1546 3424 aula.

692 3478 745 3535 850
780 3460 835 3548 qui
858 3461 998 3528 famulos
1021 3469 1170 3546 matrem,
1193 3468 1330 3529 matrem
1353 3468 1447 3550 putat
1470 3483 1545 3528 esse
1569 3461 1718 3529 sodales:

779 3572 884 3632 mater
907 3571 977 3632 erat
1000 3567 1194 3654 quicumque
1217 3566 1287 3649 fuit,
1310 3567 1436 3632 sicinus
1462 3565 1585 3653 ubique

780 3672 869 3758 aspis
893 3677 927 3737 et
949 3671 1034 3758 ignis
1058 3677 1143 3748 crat;
1166 3670 1251 3758 fugit
1273 3670 1343 3754 hos,
1367 3669 1464 3737 simul
1489 3669 1613 3757 adpetit
1635 3671 1720 3756 illos,

487 3862 539 3916 822
557 3865 651 3916 faculis
669 3863 702 3928 Β,
721 3861 865 3916 lacibusA
935 3863 1004 3931 rogis
1023 3863 1048 3914 Β
1134 3861 1193 3916 823.
1212 3861 1266 3918 824
1289 3863 1395 3916 ordinat
1420 3861 1445 3912 Β
1467 3861 1547 3928 (hunc
1572 3862 1689 3916 ordinem
1713 3873 1800 3918 seruat
1821 3865 1928 3932 lepeudo
1946 3865 2044 3919 minata

385 3951 559 4016 Rothmaler),
584 3948 642 4002 824.
661 3948 713 4002 823
735 3951 760 4001 Α
856 3947 908 4002 824
930 3951 1042 4003 resoluto
1064 3951 1176 4003 sortibus
1194 3968 1274 4018 unges
1297 3950 1330 4018 B,
1354 3950 1480 4003 resolutos
1503 3950 1618 4003 crinibus
1640 3967 1741 4018 angues
1760 3951 1793 4016 A,
1812 3970 1880 4005 corr.
1893 3952 2044 4004 Rothmaler

419 4037 471 4090 823
488 4039 515 4090 iu
533 4037 624 4090 faciem
642 4039 755 4090 inalenis
773 4037 799 4088 B
875 4035 926 4089 825
944 4038 994 4090 tuit
1011 4037 1043 4104 B,
1063 4039 1126 4090 furit
1144 4037 1177 4100 A,
1196 4055 1263 4090 corr.
1277 4037 1430 4090 Rothmaler
1503 4033 1555 4088 826
1572 4053 1695 4090 recensus
1712 4039 1738 4089 Β
1813 4037 1865 4092 828
1883 4039 1994 4092 oladitur
2011 4039 2044 4102 B,

384 4125 514 4178 clauditur
532 4124 557 4175 A
644 4123 696 4177 828
712 4125 821 4178 interius
840 4124 899 4188 BA,
917 4125 1092 4192 οων-,81317437
1178 4122 1568 4192 8311npiqnonssterantB
1639 4141 1763 4178 aceruum
1780 4124 1806 4177 Β
1886 4123 1938 4178 832
1956 4127 1991 4178 Vt
2009 4125 2043 4191 Β,

385 4214 418 4265 Ni
436 4212 461 4263 A
532 4211 663 4264 maculare
681 4211 707 4262 B
774 4209 826 4264 833
843 4213 1008 4264 adamanteos
1027 4213 1177 4280 deportes
1190 4213 1215 4263 A
1284 4209 1337 4263 834
1354 4213 1478 4280 Fatruep
1497 4193 1576 4280 callih
1596 4219 1636 4264 est
1657 4212 1679 4262 si
1697 4200 1710 4264 sl
1728 4211 1775 4264 tihi
1794 4213 1864 4265 mille
1883 4213 1999 4277 lunastrq
2011 4213 2045 4277 Β,

385 4301 497 4352 Obstrue
515 4314 560 4367 par
575 4299 672 4351 calcem
689 4299 711 4349 si
724 4305 785 4350 sunt
796 4297 844 4351 tibi
856 4299 926 4350 mille
939 4299 1067 4351 fenestrae
1082 4297 1108 4348 A
1161 4315 1206 4366 per
1217 4298 1311 4350 clatum
1323 4297 1458 4367 Roreberq,
1477 4317 1522 4367 per
1541 4300 1630 4352 claues
1641 4297 1772 4364 Bdlrreae,
1789 4315 1835 4367 per
1851 4299 1986 4368 chalybem
2000 4317 2044 4366 epo

419 4383 471 4438 836
489 4403 592 4454 campos
609 4385 642 4449 Β,
661 4393 741 4438 terras
760 4385 785 4435 A
855 4385 924 4437 silua
940 4383 966 4435 Β
1034 4383 1086 4437 837
1103 4401 1189 4452 angue
1207 4384 1241 4450 Β,
1258 4384 1362 4453 igneA
1450 4383 1502 4437 838
1524 4387 1666 4454 perniciem
1684 4385 1745 4451 BA,
1769 4403 1836 4439 corr.
1849 4386 1969 4450 Schenkl,
1988 4403 2045 4454 per·

386 4471 611 4525 nicinoamater,
671 4480 736 4525 matr
748 4471 781 4537 B,
793 4472 881 4525 metris
893 4471 927 4538 A,
941 4489 1009 4524 corr.
1025 4471 1177 4524 Rothmaler
1245 4469 1298 4524 839
1309 4474 1334 4524 It
1345 4489 1437 4525 manu
1450 4473 1483 4524 ad
1495 4472 1529 4535 A,
1542 4476 1572 4525 In
1584 4473 1680 4537 manib,
1692 4473 1726 4524 ad
1739 4472 1764 4523 Β
1833 4483 1858 4526 et
1876 4474 1972 4527 crebris
1984 4471 2044 4537 BA,

386 4577 454 4611 corr.
473 4558 625 4612 Rothmaler
723 4556 775 4612 843
797 4576 923 4627 agnosces
944 4559 970 4610 B
1050 4562 1157 4628 fugatur
1180 4559 1213 4622 B,
1238 4567 1365 4628 grauatur
1388 4559 1413 4610 A
1516 4557 1569 4612 844
1585 4576 1618 4612 eu
1642 4577 1663 4612 r.
1685 4561 1797 4612 furorem
1823 4559 1849 4610 Β
1935 4556 1986 4612 846
2011 4576 2044 4611 ex

387 4662 452 4699 uaco
468 4645 493 4696 Β
562 4647 668 4714 licirgus
686 4645 719 4710 B,
737 4647 856 4714 ligurgus
872 4646 897 4697 A
978 4643 1030 4698 847
1049 4647 1146 4700 alcides
1165 4647 1185 4710 (l
1203 4649 1319 4714 fenestra
1332 4663 1417 4713 parrae
1435 4647 1566 4714 absorpta,
1584 4656 1611 4698 at
1628 4647 1708 4712 certo)
1725 4646 1758 4711 B,
1777 4647 1865 4714 egides
1885 4645 1910 4696 A
1980 4663 2045 4699 sena

386 4741 524 4785 terrentem
542 4733 636 4800 egebat
654 4732 679 4783 Β
773 4731 824 4786 848
842 4731 970 4797 quandum
988 4731 1014 4782 B
1108 4731 1302 4787 8491011511
1380 4733 1444 4786 aula
1460 4732 1494 4800 Β,
1511 4733 1600 4786 aulam
1618 4732 1643 4783 A
1730 4729 1783 4786 880
1800 4741 1906 4787 matrem
1924 4734 2003 4785 reaoel
2019 4733 2045 4784 B

422 4825 516 4886 putant
532 4818 558 4869 B
648 4816 699 4871 852
717 4819 785 4887 sugit
802 4836 831 4872 os
848 4818 881 4882 Β,
900 4820 962 4872 furit
979 4819 1027 4871 hos
1044 4818 1085 4886 A,

491 5007 543 5064 822
558 5008 631 5077 Verp.
644 5007 712 5063 Aea.
724 5016 749 5073 4,
762 5015 810 5064 471
824 5007 935 5064 Orestes
947 5009 1085 5063 armatam
1097 5006 1205 5063 facibus
1217 5011 1335 5064 matrem
1351 5011 1381 5065 et
1393 5008 1570 5079 serpentibus
1588 5007 1657 5064 atris
1671 5025 1733 5064 cum
1746 5007 1822 5079 rugit
1892 5007 1945 5064 823
1956 5007 2045 5064 Rau.

384 5111 475 5182 paycb.
488 5117 523 5168 43
540 5111 638 5182 pinum
650 5111 754 5182 ingerit
771 5111 913 5169 infaciem
982 5112 1035 5168 824
1058 5113 1129 5182 Vero.
1143 5114 1213 5168 Aea.
1228 5119 1252 5182 2,
1265 5121 1317 5169 204
1330 5113 1462 5170 inmensis
1475 5113 1588 5169 orbibus
1600 5131 1707 5184 angues
1775 5112 1827 5170 825
1840 5112 1947 5170 Deoua.
1961 5121 1982 5182 1,
1997 5119 2047 5168 373

388 5221 547 5273 terruerant
564 5215 633 5273 satis
655 5217 725 5273 haec
747 5217 880 5288 pavidam
902 5217 1052 5290 praesagia
1074 5217 1194 5289 plebem.
1224 5218 1261 5286 cs.
1281 5217 1365 5274 Oreal.
1385 5224 1433 5274 133
1509 5219 1582 5290 Verp.
1602 5219 1669 5274 Aera
1687 5224 1712 5288 2,
1724 5223 1776 5273 328
1801 5217 1876 5288 fugit
1901 5220 1931 5274 et
1955 5233 2046 5272 vacua

390 5321 464 5376 atria
481 5321 637 5378 lustrat...
656 5320 788 5378 illum...
814 5322 938 5392 Pyrrhus
962 5321 1128 5392 insequitur.
1159 5323 1194 5390 of.
1208 5329 1246 5392 12,
1258 5331 1309 5378 474
1412 5322 1464 5379 835
1486 5321 1564 5393 Vero.
1584 5322 1654 5378 Aea.
1674 5330 1699 5391 4,
1718 5327 1768 5376 386
1793 5320 1921 5378 omnibus
1946 5319 2045 5376 umbra

389 5424 458 5480 locis
476 5425 560 5482 adero
658 5426 709 5484 839
728 5426 796 5482 Stat.
813 5427 879 5484 Aah.
899 5435 924 5496 2,
938 5434 972 5482 84
995 5426 1071 5483 illius
1093 5427 1129 5482 ad
1152 5427 1285 5497 capulum
1307 5427 1393 5483 rediit
1413 5445 1511 5483 manus
1612 5427 1666 5482 844
1684 5424 1793 5480 Iaceret.
1808 5429 1895 5492 2116
1911 5441 1978 5481 acra
1995 5441 2046 5495 per

389 5532 516 5585 tenerum
534 5529 709 5601 (Ver9.‘Aea.
722 5534 815 5599 9,699)
901 5531 952 5586 847
970 5531 1005 5598 cs.
1018 5531 1124 5587 Lamon.
1138 5541 1160 5601 1,
1172 5539 1218 5588 873
1229 5547 1285 5602 sqq.
1371 5533 1424 5588 848
1448 5532 1523 5604 Verp.
1537 5532 1607 5590 Aea.
1623 5541 1644 5600 1,
1661 5538 1727 5587 930
1750 5530 1877 5586 Danaum
1895 5528 2045 5586 fortissime

390 5632 484 5705 gentis
502 5633 609 5704 ‘l'ydide
696 5635 748 5693 850
767 5635 873 5706 Gcrlpp.
887 5635 943 5691 dola.
958 5645 980 5705 1,
995 5643 1043 5692 201
1061 5639 1178 5693 matrem
1197 5638 1281 5707 putat
1299 5625 1358 5691 esse
1377 5633 1507 5692 Creusam
