4554 6396
984 366 1187 423 DRACONTII
1223 363 1460 422 Snulsunuulo

797 549 832 610 51
855 545 884 610 si
906 547 1045 611 venator
1068 541 1235 629 trepidans
1258 540 1421 608 venabula
1444 545 1545 627 ponat

838 649 971 714 territus
995 653 1029 714 51
1051 647 1168 728 155551,
1190 666 1268 711 mox
1289 645 1376 734 perit
1398 645 1447 711 ira
1470 644 1607 711 cadens:

795 753 912 819 temnit
933 750 1054 838 praedo
1079 751 1180 832 cibos,
1204 771 1285 837 quos
1306 770 1372 816 non
1393 749 1472 816 facit
1493 751 1564 836 ipse
1587 747 1737 831 cadaver,

837 878 876 922 ae
899 857 988 922 ferus
1011 855 1161 941 ignoscit,
1185 875 1245 921 ceu
1267 855 1346 921 satis
1369 853 1518 941 accipiat,

727 961 908 1032 14551651
931 965 1093 1048 prostrato
1118 959 1247 1026 veniam
1272 961 1342 1025 sine
1366 960 1500 1025 vulnere
1523 957 1611 1024 victo

838 1086 894 1131 ore
918 1063 1104 1130 verecundo
1127 1062 1273 1129 deiciens
1296 1063 1418 1128 oculos.

794 1169 840 1235 sic
863 1175 929 1251 tua,
952 1174 1115 1255 regnator,
1138 1189 1202 1233 non
1226 1167 1325 1254 impia
1348 1167 1508 1254 frangitur
1530 1167 1589 1248 ira,

838 1295 911 1339 oum
935 1273 1106 1340 confessus
1130 1272 1193 1339 erit
1216 1273 1353 1338 erimina
1375 1277 1469 1358 gesta
1490 1293 1566 1337 reus
1589 1308 1632 1320 -

795 1378 996 1468 ignoscendo
1019 1379 1092 1466 pius
1114 1377 1210 1444 nobis
1232 1378 1360 1444 imitere
1383 1377 1575 1458 Tonantem,

728 1501 778 1558 150
839 1485 894 1569 qui
915 1483 1064 1570 indulget
1086 1483 1200 1568 culpas
1224 1487 1258 1548 51
1280 1482 1409 1547 veniam
1432 1480 1555 1546 tribuit.

797 1589 953 1676 principis
976 1588 1106 1674 augusti
1129 1587 1234 1652 simile
1258 1593 1307 1652 est
1330 1586 1372 1652 ad
1395 1606 1495 1673 regna
1517 1587 1675 1672 polorum,

838 1699 876 1758 ut
899 1693 987 1758 canit
1010 1691 1051 1758 ad
1074 1691 1213 1778 populos
1237 1690 1358 1777 pagina
1381 1695 1495 1756 saneta
1517 1689 1581 1772 dei,

799 1797 969 1883 sacrilegis
992 1795 1139 1861 referens
1164 1795 1318 1860 caelestia
1341 1795 1413 1859 iura
1436 1794 1584 1876 catervis,

840 1901 965 1967 cinctus
988 1899 1168 1986 apostolica
1191 1897 1412 1984 discipulante
1434 1919 1542 1964 manu.

728 2023 906 2079 15555555
930 2004 983 2071 dei
1005 2008 1182 2091 praecepta
1204 2001 1384 2069 15555155
1409 2004 1458 2069 sol
1482 2001 1578 2068 cadat
1601 2003 1724 2069 intrans

839 2111 1002 2176 irascente
1027 2107 1101 2190 alio,
1126 2106 1184 2174 sed
1208 2107 1280 2194 pius
1304 2112 1396 2173 extet
1417 2107 1535 2173 homot

794 2235 855 2280 rex
877 2213 1081 2278 inimicorum
1104 2211 1223 2297 iugulis
1246 2231 1400 2277 mucrona
1423 2211 1572 2298 pepercit

838 2316 946 2383 David
969 2323 1003 2383 et
1025 2316 1078 2382 hic
1101 2315 1235 2382 sceleris
1258 2321 1366 2380 certus
1390 2314 1518 2381 adulter
1541 2315 1641 2381 inest:

795 2421 964 2488 confessus
985 2420 1112 2486 lacinus
1135 2419 1263 2486 reniam
1286 2440 1345 2506 pro
1369 2418 1461 2484 clade
1484 2423 1628 2484 moretur

729 2543 779 2600 155
841 2526 960 2590 noxius
983 2525 1117 2610 impune
1140 2524 1193 2588 rel
1217 2523 1288 2588 sine
1310 2529 1414 2588 morte
1437 2544 1524 2603 reus,

795 2631 929 2717 insuper
953 2634 987 2695 et
1010 2627 1176 2708 Salomon,
1201 2626 1317 2692 eadem
1339 2627 1475 2693 muliere
1498 2632 1627 2693 creatus

839 2755 924 2820 quae
948 2733 1057 2798 scelus
1080 2731 1233 2812 ammisit,
1257 2751 1375 2796 munus
1400 2731 1531 2796 honoris
1556 2731 1670 2798 habet:

795 2859 859 2904 non
883 2837 920 2902 lit
944 2836 1131 2903 Abessalon
1152 2836 1249 2901 heres
1275 2835 1317 2901 dc
1341 2836 1478 2922 coniuge
1501 2841 1608 2920 natus,

840 2942 899 3008 sed
922 2941 1054 3007 sceleris
1077 2940 1201 3006 fructus
1224 2944 1355 3027 sceptra
1376 2945 1513 3026 paterna
1535 2945 1636 3006 tenet.

728 3065 778 3120 165
799 3068 875 3114 5555
899 3045 976 3132 quid
999 3043 1160 3131 impendit
1183 3045 1268 3130 patri
1291 3044 1467 3110 clementia
1489 3065 1625 3130 parcens

840 3157 876 3216 ut
899 3150 962 3216 sibi
984 3170 1087 3235 regna
1108 3148 1212 3228 daret,
1235 3148 1319 3215 haec
1342 3148 1437 3214 daret
1459 3155 1493 3214 et
1516 3148 1631 3214 suboli.

797 3257 867 3342 ipse
891 3253 1094 3320 inimicorum
1118 3251 1271 3318 Salomon
1294 3274 1357 3318 non
1381 3254 1465 3318 colla
1486 3254 1643 3340 poposcit,

841 3359 918 3424 dum
940 3362 1069 3446 poteret
1091 3356 1266 3442 dominum,
1292 3356 1351 3423 sed
1374 3358 1533 3444 sapientis
1557 3378 1665 3443 opem:

798 3464 908 3531 extitit
931 3462 984 3527 hic
1008 3460 1162 3548 prudens,
1187 3462 1265 3547 quia
1287 3461 1393 3526 noluit
1416 3483 1491 3528 essa
1514 3467 1679 3543 cruentus,

728 3585 778 3642 170
841 3566 1060 3654 pacificusque
1084 3565 1146 3630 fuit
1169 3565 1361 3652 consiliique
1383 3571 1496 3632 tenax.

797 3671 985 3758 Stephanus
1009 3675 1086 3736 ante
1110 3669 1189 3734 elios
1212 3669 1356 3755 lapidum
1380 3671 1441 3736 sub
1464 3668 1621 3756 grandine
1644 3675 1768 3756 martyr

837 3775 986 3841 hostibus
1009 3773 1125 3840 orabat
1147 3779 1262 3861 sponte
1287 3775 1353 3840 suis
1376 3775 1521 3850 veniam

795 3881 879 3946 baec
901 3879 988 3945 bona
1011 3878 1203 3966 simplicitas
1226 3884 1373 3965 praestat
1396 3879 1507 3945 ieiuna
1531 3878 1668 3944 cruoris:

837 3985 887 4050 vir
909 3984 979 4049 sine
1002 3989 1105 4050 morte
1128 4003 1247 4070 gerens
1270 3983 1317 4048 nil
1340 3983 1440 4050 habet
1461 3985 1532 4069 ipse
1555 3983 1656 4048 neeis.

728 4107 777 4162 175
798 4087 921 4155 Caesar
942 4087 1062 4173 ubique
1085 4093 1202 4174 potens
1225 4087 1312 4152 hosti
1333 4094 1407 4174 post
1429 4087 1517 4154 bella
1538 4087 1686 4173 pepercit

840 4193 898 4278 (et,
922 4192 1009 4278 quod
1033 4199 1104 4257 erat
1125 4192 1232 4279 peius,
1256 4191 1335 4256 civis
1358 4198 1392 4257 et
1413 4191 1516 4256 hostis
1540 4195 1637 4274 erat):

796 4300 912 4383 sponte
937 4295 1129 4362 facultatem
1153 4295 1330 4361 redhibens
1352 4295 1518 4382 reparavit
1540 4295 1690 4379 honores,

838 4399 913 4466 inde
937 4405 1073 4465 vocatus
1096 4399 1174 4481 abit,
1198 4399 1316 4485 dignus
1339 4399 1470 4480 bonore,
1496 4397 1586 4465 deus.

502 4554 550 4607 141
570 4559 609 4609 dc
626 4556 687 4623 siV,
705 4567 771 4610 reete
788 4559 855 4624 Eup.
945 4555 994 4610 145
1012 4558 1094 4609 victor
1112 4557 1178 4624 Eup.
1268 4553 1318 4607 149
1336 4557 1395 4624 pins
1413 4574 1466 4608 non
1484 4556 1565 4620 uisV,
1582 4565 1648 4609 recte
1661 4556 1727 4623 Euq.
1817 4555 1867 4609 150
1884 4559 1966 4626 culpis
1984 4558 2052 4624 Eup.

436 4641 486 4696 155
504 4660 563 4695 5555
581 4644 652 4710 lepos
666 4645 765 4696 instans
784 4647 818 4712 cf.
832 4644 887 4697 iad.
971 4643 1020 4696 158
1033 4653 1099 4709 puto
1117 4643 1207 4696 sceleri
1225 4661 1259 4696 55.
1277 4645 1345 4696 15551
1426 4641 1477 4694 160
1494 4660 1554 4696 reus
1572 4643 1648 4711 Eup,
1667 4663 1715 4696 om.
1728 4643 1960 4710 Vinteqruncts'one
1971 4645 2054 4712 finali

398 4747 485 4782 555555
502 4730 596 4781 mansa
680 4729 869 4784 16611151517
936 4731 1053 4796 551557
1129 4729 1180 4783 165
1197 4730 1309 4798 patrisl'
1322 4731 1397 4798 Eup,
1416 4749 1483 4782 cerr.
1497 4729 1578 4782 Duhn
1666 4729 1715 4782 166
1733 4738 1763 4782 ut
1779 4732 1828 4784 sibi
1840 4747 1921 4798 regna
1937 4732 2010 4782 daret
2027 4737 2054 4783 et

398 4818 448 4869 sub
465 4817 505 4868 nil
522 4817 635 4883 amplius
652 4835 732 4883 55555
744 4817 837 4869 addito
855 4826 891 4870 551
896 4818 989 4886 fluctis
1001 4818 1173 4883 interpunctio
1184 4817 1213 4868 ic
1232 4816 1352 4882 Vrptane
1364 4818 1444 4884 51555
1462 4825 1492 4868 51
1509 4818 1583 4869 daret
1600 4823 1625 4868 et
1643 4817 1727 4868 suboli
1745 4815 1860 4870 Areoalc
1931 4815 1980 4869 171
1998 4818 2052 4869 rad·

399 4905 492 4956 bibens
505 4905 606 4972 pararit
623 4903 719 4971 (spatio
736 4905 838 4971 quidem
855 4905 923 4957 inter
941 4906 992 4956 duo
1010 4905 1087 4957 uerbo
1104 4905 1191 4956 relicto
1210 4911 1238 4954 ct
1255 4921 1308 4956 555
1319 4904 1417 4957 maiore
1434 4921 1513 4971 5555
1530 4905 1558 4956 in
1575 4919 1684 4956 caesura
1701 4901 1838 4971 55555514)
1854 4903 1882 4971 V,
1896 4904 1975 4971 punc
1985 4903 2052 4971 Eup.

436 4989 486 5042 118
508 4992 562 5043 obit
579 4991 655 5043 divus
673 4991 801 5044 Bb'cbeler
870 4990 955 5058 deiV‚
974 4993 1083 5058 5555551,
1102 4992 1137 5058 cs.
1149 4991 1217 5058 Euq.

503 5127 552 5181 141
571 5125 605 5192 cf.
624 5126 669 5181 05.
681 5126 749 5181 trist.
762 5133 785 5195 3,
800 5133 826 5195 6,
836 5131 869 5182 33
880 5141 933 5196 555.
1023 5125 1073 5183 143
1089 5125 1160 5180 idem
1178 5125 1359 5182 5555517111
1378 5131 1434 5181 330
1522 5126 1822 5196 luminatorem
1846 5127 1886 5180 teo
1903 5123 2052 5196 prostratis

399 5211 499 5282 parcit.
519 5212 580 5268 Sea.
598 5212 631 5268 de
648 5213 720 5268 clem.
733 5221 754 5280 1,
767 5221 790 5281 5,
807 5221 823 5268 6
919 5214 969 5270 148
986 5213 1021 5279 ef.
1040 5212 1157 5267 Phaedr.
1176 5213 1235 5282 epit.
1247 5219 1271 5281 3,
1285 5219 1317 5268 22
1405 5213 1455 5270 149
1480 5214 1525 5269 05.
1544 5213 1612 5268 trist.
1629 5221 1653 5282 2,
1671 5221 1707 5269 46
1728 5216 1807 5270 utere
1824 5230 1901 5269 more
1919 5212 1972 5267 dei.
1991 5211 2051 5268 Sca.

399 5297 429 5352 dc
441 5297 543 5365 515551,
555 5305 578 5366 5,
595 5306 611 5353 t
678 5299 725 5353 151
741 5297 877 5369 principis
889 5298 1069 5370 angustianti,
1081 5316 1211 5370 regnnnn
1228 5299 1476 5355 555155155515545
1488 5299 1847 5364 determitationes
1916 5298 1967 5354 154
1979 5296 2052 5352 5155-

399 5387 444 5439 tna
463 5385 492 5451 (t.
510 5384 645 5453 05515155)
662 5385 735 5454 quod
752 5402 808 5440 555
826 5386 880 5442 coit
896 5403 957 5442 cam
975 5387 1088 5459 pagina,
1108 5389 1230 5444 55551155
1248 5388 1352 5442 1555155
1369 5388 1474 5443 radetur
1487 5394 1579 5458 pocta,
1601 5390 1646 5444 515
1663 5405 1725 5444 mom
1743 5387 1860 5443 1155515
1877 5389 1979 5442 155555
1992 5391 2053 5455 post

400 5473 451 5527 154
469 5474 506 5525 cat
522 5471 670 5526 statuenda
759 5473 808 5528 155
825 5473 861 5540 cf.
880 5479 905 5542 3,
922 5481 972 5528 615
989 5490 1050 5528 cum
1067 5479 1134 5528 notu
1222 5475 1271 5530 157
1281 5492 1341 5544 555.
1358 5474 1394 5540 cf.
1415 5481 1440 5544 2,
1460 5481 1506 5530 666
1522 5491 1574 5545 555.
1663 5475 1812 5530 loturae.
1833 5475 1866 5530 da
1882 5481 1962 5530 5556
1979 5491 2052 5543 queo

400 5558 491 5614 scelus
514 5557 641 5626 admisit,
666 5577 767 5615 munus
792 5560 883 5616 odoris
905 5561 994 5618 habet
1083 5561 1132 5618 167
1151 5561 1270 5632 111555.
1290 5566 1361 5630 3,11
1379 5577 1436 5632 sup.
1454 5569 1477 5630 9,
1495 5570 1513 5616 4
1601 5564 1648 5620 171
1667 5567 1728 5617 oeta
1743 5567 1826 5634 apost.
1843 5571 1867 5632 6,
1888 5569 1981 5632 3555,
2003 5562 2052 5616 tm·

394 5645 491 5716 555515
505 5653 524 5714 7,
536 5653 582 5715 69,·
599 5645 634 5713 es.
648 5645 835 5715 15555555
