4590 6390
948 347 1125 404 ROMVLEA
1145 349 1210 404 VIII

647 521 818 608 pontifices
842 521 991 588 Helenus
1015 523 1156 605 Laocon,
1180 529 1307 590 sacrata
1329 531 1487 612 potestas,

648 626 768 692 cedent
790 628 895 692 oranti
918 628 971 692 uel
993 629 1151 714 mysticus
1175 636 1282 694 exstet
1304 629 1464 718 uterque’.

648 729 726 796 dum
749 733 838 796 canit
861 731 978 797 infelix
1000 733 1142 818 gemitus
1167 731 1353 800 Cassandra
1375 735 1512 818 futuros,

647 835 739 900 visus
762 834 857 900 adest
880 836 1004 900 cunctis
1028 834 1212 922 Phrygibus
1236 837 1461 924 Thymbraeus
1484 839 1612 926 Apollo,

565 953 616 1011 185
652 939 708 1025 qui
729 937 882 1004 mercede
905 959 1021 1004 carens
1045 940 1203 1006 conclusit
1226 941 1389 1029 Pergama
1410 964 1502 1009 muro

648 1049 683 1108 et
707 1063 812 1130 genus
836 1043 1001 1128 ingratum
1024 1063 1147 1128 poenas
1169 1046 1339 1131 persolvat
1362 1047 1450 1111 avari

648 1153 797 1234 exoptat:
822 1154 978 1233 stupuere
1001 1147 1159 1234 Phryges,
1183 1155 1272 1214 tacet
1293 1150 1364 1237 ipse
1388 1151 1555 1218 sacerdos.

647 1252 780 1318 effatur:
803 1250 893 1338 ‘quid
915 1252 1007 1338 virgo
1031 1253 1138 1316 canit?
1162 1273 1220 1318 our
1242 1253 1368 1318 invidus
1393 1255 1478 1320 alter

648 1357 836 1422 exclamat?
880 1355 1030 1422 Helenus
1054 1355 1199 1422 deterret
1221 1356 1385 1444 Pergama
1408 1358 1537 1424 verbis?

563 1475 613 1532 190
648 1461 773 1547 pellere
796 1466 962 1548 pastorem
985 1461 1100 1546 patriis
1123 1459 1164 1527 de
1187 1460 1321 1526 sedibus
1341 1483 1495 1548 umquam

649 1565 723 1630 fata
738 1569 862 1648 vetant,
886 1585 970 1651 quae
994 1585 1113 1652 magna
1134 1571 1260 1652 parant.
1285 1572 1372 1632 stant
1394 1567 1484 1632 iussa
1504 1567 1650 1632 deorum:

654 1670 896 1754 magnanimum
918 1669 1096 1734 Aeneidem
1121 1669 1209 1736 solus
1232 1676 1416 1757 prosternet
1431 1669 1603 1739 Achillem.

650 1773 810 1838 Troianos
834 1794 971 1858 regnare
995 1774 1115 1860 placet,
1138 1793 1203 1860 qua
1226 1773 1303 1840 solis
1326 1774 1475 1841 habenae

650 1877 827 1943 ostendunt
849 1878 1033 1963 tolluntque
1057 1877 1153 1956 diem,
1177 1899 1241 1964 qua
1262 1880 1400 1946 vertitur
1422 1880 1494 1945 axis

565 1999 615 2054 195
651 1981 788 2067 frigidus
812 1987 846 2047 et
868 2002 950 2047 nona
972 1981 1156 2048 flammatur
1178 1983 1247 2048 sole
1271 2004 1415 2049 corusco.

649 2086 800 2152 Troianis
823 2085 953 2151 dabitur
976 2091 1063 2151 totus
1086 2087 1250 2174 possessio
1273 2087 1422 2172 mundus,

649 2197 795 2278 tempore
819 2211 880 2256 nec
903 2210 1003 2277 parvo
1025 2189 1146 2256 'Iroum
1169 2190 1320 2276 regnabit
1343 2192 1442 2278 origo.

649 2295 717 2359 sata
738 2298 881 2377 manent,
905 2295 1088 2380 conscripta
1111 2295 1213 2360 semel
1235 2301 1312 2360 sunt
1334 2295 1433 2362 uerba
1455 2295 1624 2377 Tonantis,

647 2396 842 2485 “imperium
865 2398 934 2464 sine
957 2396 1046 2463 fine''
1067 2397 1167 2464 dabit.
1213 2399 1363 2464 cohibete
1387 2401 1543 2468 furorem.

564 2519 617 2578 200
651 2503 780 2568 mortali
803 2502 913 2568 divum
936 2502 1043 2588 periet
1066 2522 1129 2588 qno
1150 2500 1259 2569 Iudice
1282 2502 1402 2569 index?

647 2627 709 2672 nec
732 2607 794 2672 hoc
816 2607 885 2672 fata
908 2606 1028 2672 sinunt.
1074 2606 1178 2693 pudor
1200 2613 1252 2674 est
1274 2607 1417 2674 voluisse
1444 2629 1564 2674 nocere

650 2717 684 2776 et
706 2731 770 2776 non
793 2730 891 2796 posse
914 2717 1034 2777 tamon.
1058 2710 1185 2796 pigeat!
1209 2711 1274 2776 iam
1296 2731 1392 2777 nemo
1414 2713 1567 2792 minetur,

650 2836 747 2900 quem
771 2813 898 2897 Clotho,
923 2835 1019 2901 quern
1041 2813 1209 2896 Lachesis,
1233 2836 1330 2900 quem
1353 2815 1498 2882 vindicat
1513 2816 1657 2904 Atropos
1680 2817 1807 2903 ingens.

651 2919 788 2985 scindite
811 2919 942 3005 pellites
965 2919 1061 2984 niveo
1084 2918 1281 3006 depectere
1304 2925 1425 2999 vestes,

562 3031 614 3089 205
649 3024 773 3089 murice
796 3023 937 3089 Serrano
960 3024 1095 3088 rutilans
1116 3023 1204 3088 huno
1227 3043 1372 3110 purpura
1393 3024 1490 3090 velet.

649 3149 711 3193 nec
733 3126 866 3214 pudeat,
889 3125 974 3213 qnod
997 3127 1088 3214 pavit
1110 3149 1205 3193 oves:
1230 3148 1292 3212 ego
1314 3134 1427 3213 pastor
1449 3127 1568 3216 Apollo

648 3231 719 3318 ipse
742 3231 789 3296 lui
812 3231 1025 3318 domibusque
1049 3252 1171 3296 canens
1194 3251 1295 3317 pecus
1319 3251 1414 3296 omne
1438 3233 1542 3318 coegi,

649 3357 724 3400 cum
747 3336 860 3422 procul
882 3358 903 3400 a
924 3336 1002 3402 villa
1024 3335 1184 3400 fumantia
1206 3340 1295 3400 tecta
1317 3335 1479 3412 viderem;

650 3439 817 3505 Alcestam
840 3440 900 3506 sub
923 3445 1020 3505 nocte
1043 3460 1166 3526 pavens
1190 3438 1271 3503 deus
1293 3437 1397 3505 ubera
1419 3441 1536 3526 pressi,

563 3561 615 3618 210
649 3543 810 3610 Admetus
832 3545 990 3610 intrantes
1013 3543 1136 3608 haedos
1159 3543 1354 3610 numerabat
1377 3549 1410 3609 et
1433 3537 1557 3630 agnos'.

649 3648 788 3730 dixerat,
818 3653 851 3715 et
874 3648 1042 3714 Phoebum
1065 3648 1215 3713 Priamus
1238 3648 1420 3714 submissus
1444 3647 1561 3713 adorat

649 3759 683 3819 et
705 3759 816 3838 grates
841 3773 976 3818 securus
1000 3752 1079 3837 agit,
1103 3756 1191 3817 tacet
1214 3753 1354 3838 optimus
1378 3751 1514 3818 Hector.

736 3858 801 3922 iam
824 3877 924 3942 regno
947 3877 1011 3920 non
1034 3856 1138 3941 impar
1159 3861 1239 3934 erat,
1263 3855 1322 3920 sed
1345 3860 1476 3941 sceptra
1499 3857 1617 3920 tiaram

649 3961 821 4048 imperium
844 3959 976 4025 trabeas
998 3960 1062 4024 iam
1085 3965 1160 4046 post
1183 3960 1326 4024 caeleste
1349 3959 1494 4024 tribunal

562 4081 613 4136 215
648 4070 752 4129 totum
775 4066 839 4129 vile
862 4070 966 4150 putat,
989 4064 1092 4129 solam
1114 4064 1203 4151 cupit
1224 4063 1346 4130 addere
1369 4064 1489 4128 lamam

649 4170 808 4234 maiorum
830 4169 945 4248 titulis,
969 4168 1097 4233 vivaces
1120 4188 1279 4255 quaerere
1302 4166 1430 4247 laudes,

650 4277 687 4337 ut
709 4273 795 4338 celet
817 4272 902 4358 quod
925 4279 1039 4358 pastor
1061 4279 1141 4340 erat.
1187 4273 1243 4338 vin
1265 4270 1392 4338 viderat
1416 4271 1524 4338 aulam

360 4456 408 4510 181
427 4461 535 4514 Leucon
552 4463 675 4516 Bdlurem
752 4461 802 4515 182
820 4465 872 4516 Ced
891 4473 917 4517 et
934 4465 1018 4516 oranti
1037 4464 1070 4528 N,
1088 4481 1155 4515 corr.
1169 4463 1286 4514 Iannelli
1355 4464 1540 4530 volamysticus
1557 4469 1644 4515 exsut
1661 4463 1695 4528 N,
1714 4481 1782 4516 corr.
1795 4464 1914 4516 Iannelli

290 4543 340 4598 183
364 4549 471 4600 infoelix
497 4553 600 4618 genitus
625 4552 659 4616 N,
687 4569 754 4603 corr.
776 4551 893 4603 Ionnelli
997 4549 1046 4602 181
1071 4552 1127 4618 ipsa
1146 4550 1264 4602 Ionaelli
1281 4551 1339 4602 edd.
1448 4549 1497 4602 192
1515 4547 1714 4618 prosternetlllll
1731 4551 1858 4604 Achillem
1877 4552 1913 4602 sic

255 4629 410 4698 (prosternet
427 4652 458 4687 aa
476 4643 648 4703 prosterneret
665 4635 816 4704 correctum)
836 4638 867 4688 N
936 4635 1126 4703 1941011unsq3
1147 4635 1196 4704 (tq3
1214 4637 1242 4687 in
1260 4635 1367 4705 rasura)
1385 4637 1417 4688 N
1483 4635 1532 4688 197
1551 4637 1659 4704 regnabi
1670 4637 1701 4687 N
1765 4635 1818 4689 203
1836 4654 1913 4702 quem

255 4729 314 4772 anta
339 4723 463 4775 Lachesis
485 4724 551 4776 delet
575 4725 668 4789 Pciper
747 4741 843 4793 urgens
866 4724 992 4790 Bosaberp
1088 4721 1140 4774 205
1163 4725 1284 4775 rutulam
1308 4724 1337 4773 N
1425 4721 1554 4788 11117212
1577 4724 1699 4774 lacunam
1717 4725 1806 4775 statuit
1822 4723 1912 4786 Dabo,

253 4827 308 4860 nou
324 4818 390 4862 recta
477 4807 529 4862 213
546 4811 625 4861 'liora
642 4810 700 4876 (cic)
719 4809 747 4860 N
831 4807 882 4861 211
901 4811 955 4862 cele
973 4810 1007 4872 N,
1026 4826 1093 4861 corr.
1108 4808 1227 4861 Ionaelli

361 4997 407 5052 181
427 4999 573 5064 ctlnccon.
588 5005 609 5064 1,
624 5004 674 5052 595
764 4997 813 5052 189
837 4995 912 5066 Verp.
926 4995 995 5049 Aen.
1010 5003 1031 5062 1,
1045 5001 1077 5050 28
1095 4997 1125 5049 et
1142 5012 1230 5066 genus
1248 4994 1370 5050 invisum
1452 4997 1502 5052 199
1520 4995 1626 5049 Lucan.
1642 5001 1667 5062 2,
1679 5002 1726 5049 574
1744 4996 1913 5066 expulit...

255 5100 355 5170 patriis
376 5119 392 5157 e
410 5100 523 5158 sedibus
620 5102 669 5158 192
687 5101 895 5168 Slat.Ac]t.1,1
913 5099 1122 5169 magnanimum
1140 5097 1282 5154 Aeaciden
1373 5100 1423 5155 194
1440 5099 1545 5154 Hono.
1558 5106 1655 5153 cccco
1672 5099 1745 5154 alme
1763 5099 1813 5164 sol,
1832 5118 1915 5156 curru

254 5205 345 5261 nitido
364 5205 438 5260 diem
456 5205 506 5275 qni
525 5205 629 5276 promis
648 5209 677 5261 et
695 5206 769 5261 celos
849 5206 899 5261 196
917 5211 1003 5272 neco
1021 5205 1089 5260 data
1107 5204 1145 5258 sit
1163 5203 1299 5275 possessio
1317 5203 1437 5258 mundus
1517 5203 1567 5259 198
1586 5201 1767 5270 Epicurus
1784 5209 1837 5258 357
1853 5205 1915 5261 fata

254 5313 372 5364 manent
395 5310 440 5376 (cf.
452 5309 525 5378 Vere.
539 5309 607 5363 Aca.
626 5319 647 5378 1,
661 5313 723 5376 257)
828 5311 878 5366 199
902 5309 974 5378 Vcrp.
995 5309 1164 5377 11111272
1185 5309 1333 5378 imperinm
1357 5303 1416 5362 sine
1441 5307 1495 5362 fine
1518 5305 1583 5361 dedi
1686 5307 1736 5362 201
1757 5305 1922 5363 GamVII

254 5415 371 5483 sopiant.
385 5424 407 5480 1,
423 5421 438 5467 7
459 5413 528 5482 qnid
552 5413 634 5469 stulti
657 5413 819 5484 proprium‘l
845 5430 901 5467 non
925 5429 1006 5482 posse
1028 5416 1058 5468 et
1075 5412 1148 5468 velle
1170 5429 1269 5468 nocere
1355 5413 1407 5468 204
1426 5411 1536 5466 Homer.
1553 5416 1605 5465 846
1623 5408 1779 5465 scindit...
1798 5410 1832 5466 de
1851 5429 1915 5482 pcc-

255 5523 316 5575 tore
335 5523 426 5575 vestes
444 5519 533 5587 (1018)
607 5517 658 5576 205
676 5518 723 5574 Sil.
737 5526 777 5586 15,
789 5525 838 5574 205
856 5518 973 5573 Sarrano
990 5517 1095 5573 murice
1113 5517 1224 5588 fulgens
1293 5515 1344 5572 207
1362 5516 1398 5582 cs.
1410 5515 1487 5588 Verp.
1500 5517 1557 5570 brac.
1571 5523 1594 5583 6,
1606 5523 1639 5570 85
1656 5514 1723 5569 Hor.
1736 5530 1816 5570 cumn.
1827 5524 1849 5584 1,
1862 5521 1918 5584 2,7

291 5623 344 5680 208
358 5622 433 5693 ch.
448 5623 504 5678 huc.
518 5633 540 5690 1,
552 5629 587 5679 82
604 5625 634 5678 et
651 5621 708 5676 iarn
725 5640 833 5678 summa
851 5622 948 5693 procul
966 5621 1100 5678 villarum
1117 5620 1240 5677 culmina
1258 5620 1366 5676 fumant
1384 5620 1430 5687 (cs.
1448 5619 1493 5675 Oc.
1505 5625 1562 5675 nnc.
1576 5626 1614 5688 13,
1626 5622 1685 5687 421)

359 5735 524 5786 scamnum
541 5733 733 5792 Annouussm
750 5731 811 5782 xlv
825 5731 849 5784 1.
1671 5721 1704 5775 21
