4554 6396
926 341 1102 401 ROMVLEA
1114 341 1140 400 V

600 517 759 585 barbarus
782 518 888 584 omnis
910 524 975 602 eat,
998 520 1129 607 rapiant
1152 519 1247 586 simul
1269 539 1361 586 arma
1384 517 1511 586 Suevos

531 637 566 694 85
602 621 752 690 Sarmata
774 623 878 690 Persa
901 622 1029 691 Gothus
1052 625 1255 690 Alamannus
1278 623 1424 691 Francus
1448 625 1575 689 Alanus

600 728 653 792 vol
677 747 890 815 quaeeunque
912 728 1017 793 latent
1039 734 1157 814 gentes
1179 729 1330 815 aquilone
1354 735 1500 794 remotae

599 833 634 896 in
656 852 715 897 nos
738 833 805 898 tela
826 839 958 918 parent:
982 833 1085 898 minor
1107 839 1158 898 est
1179 853 1291 921 pavor.
1332 832 1460 900 advena
1483 854 1598 920 eampo

600 935 759 1022 producat
782 943 939 1002 armatus:
962 937 1063 1002 muris
1087 958 1219 1003 serrare
1243 937 1392 1020 salutem,

600 1041 628 1104 si
650 1061 796 1127 nequeas
820 1061 978 1127 pugnare,
1001 1042 1089 1107 lieet.
1135 1062 1208 1107 oum
1232 1043 1303 1107 eive
1326 1062 1385 1128 per
1407 1041 1520 1107 urbem

529 1159 565 1216 40
599 1143 715 1208 infelix
737 1143 814 1230 quid
838 1145 916 1211 aivis
940 1149 1039 1230 agat?
1063 1144 1151 1230 quid,
1175 1151 1269 1212 noete
1294 1143 1413 1232 dieque

599 1248 729 1314 moenia
751 1253 857 1314 rostra
878 1248 984 1313 iorum
1008 1249 1163 1336 capitolia
1185 1249 1310 1336 templa
1331 1255 1471 1336 penates

598 1349 619 1428 †
641 1351 816 1418 inlustrant
839 1358 873 1418 et
893 1353 970 1419 lana
991 1352 1089 1418 simul
1111 1351 1250 1420 delubra
1270 1353 1401 1420 theatra

599 1455 778 1522 oireumaat
800 1477 873 1523 oum
897 1457 968 1522 eive
990 1457 1087 1540 malo,
1110 1478 1184 1522 oum
1207 1457 1278 1524 eivs
1301 1463 1456 1524 eruenta?

599 1561 708 1627 nullus
731 1561 773 1626 ab
795 1560 920 1634 insidiis
943 1561 1036 1628 loeus
1060 1562 1188 1649 estqui
1211 1561 1326 1628 fraude
1349 1561 1487 1629 vacabit.

528 1679 564 1736 45
599 1663 683 1730 adda
707 1664 794 1752 quod
816 1666 919 1732 iratus
942 1666 1046 1732 vietor
1068 1687 1141 1732 oum
1165 1667 1240 1752 lege
1263 1667 1406 1732 minatur

599 1775 633 1834 ot
654 1769 740 1837 lator
762 1770 845 1857 legis
869 1771 978 1836 eirilia
1000 1771 1072 1836 iura
1094 1771 1235 1857 repellit,

598 1879 635 1938 ut
656 1874 764 1961 legem
788 1881 916 1962 premat
939 1876 1009 1961 ipse
1033 1895 1136 1958 suam,
1159 1895 1257 1962 quam
1280 1881 1437 1942 sanxerat
1459 1881 1546 1942 ante.

598 1978 676 2044 dum
698 1980 800 2044 viator
822 1984 898 2065 post
919 1978 1007 2045 bella
1029 1978 1123 2060 redit,
1148 2000 1222 2044 oum
1245 1980 1339 2045 testis
1363 1980 1470 2066 imago

596 2083 753 2149 formatur
775 2083 914 2166 virtutis,
937 2083 1041 2149 honos
1066 2089 1099 2148 et
1121 2083 1226 2169 gloria
1250 2085 1374 2171 oampi:

528 2203 563 2260 50
596 2187 762 2253 laetantur
783 2187 934 2270 humiles,
957 2186 1124 2274 gaudebat
1145 2187 1240 2254 turba
1261 2209 1392 2254 reorum

596 2293 782 2358 streniam
805 2292 965 2358 meruisse
987 2298 1113 2378 putant.
1159 2293 1231 2380 quis
1255 2293 1336 2358 aivis
1359 2293 1488 2380 asylum

598 2395 711 2462 eredat
733 2397 767 2462 in
790 2417 865 2463 aree
889 2397 1013 2462 mioans
1036 2397 1222 2463 insontibus
1245 2417 1319 2464 esse
1342 2397 1524 2485 periolum?

243 2623 479 2693 NARRATIO
600 2645 727 2714 pauper
749 2625 845 2692 adest
867 2623 1073 2691 miserandus
1096 2625 1202 2712 inops,
1226 2624 1283 2690 sed
1307 2625 1387 2690 aivis
1410 2625 1578 2710 honestus,

598 2751 729 2816 semper
752 2751 855 2816 egens
878 2729 1021 2810 humilis,
1044 2729 1161 2815 dignus
1185 2749 1282 2816 quem
1305 2729 1396 2796 dives
1418 2737 1554 2813 amaret,

527 2851 562 2906 55
598 2835 690 2900 ouius
712 2836 746 2900 iu
769 2835 926 2922 obsequio
950 2833 1100 2899 famulari
1123 2840 1235 2920 posset
1258 2833 1419 2918 alumnus,

597 2945 691 3004 torva
713 2938 929 3026 superborum
953 2937 1076 3003 sineret
1099 2937 1127 3002 si
1150 2937 1247 3002 turba
1270 2939 1443 3016 oliantum3

597 3043 653 3130 qui
676 3042 808 3129 dignum
833 3043 957 3108 servire
980 3047 1099 3129 putans
1123 3041 1276 3129 indignus
1299 3042 1441 3108 babetur

596 3147 650 3212 sel
672 3145 838 3211 fastiditur
861 3145 1017 3232 supplex;
1040 3145 1189 3211 inimicus
1214 3153 1247 3212 et
1269 3145 1372 3212 hostis

596 3249 705 3315 divitis
728 3249 876 3335 arguitur
898 3269 1034 3336 pauper,
1059 3249 1114 3336 qui
1137 3255 1212 3314 vota
1236 3249 1363 3315 olientis

528 3371 562 3428 60
599 3375 700 3420 ausus
723 3353 846 3420 babere
869 3354 981 3430 miser;
1005 3375 1065 3419 neo
1091 3353 1197 3439 (baso)
1223 3360 1332 3420 tamen
1356 3353 1427 3440 ipse
1443 3361 1598 3438 meretur,

597 3457 655 3523 sed
678 3457 800 3544 probus
824 3456 984 3524 horretur.
1029 3456 1181 3522 domibus
1204 3457 1309 3543 magis
1332 3458 1387 3523 ille
1409 3463 1580 3544 potentum

595 3562 679 3628 liber
702 3561 825 3626 amious
849 3561 921 3644 erit,
946 3560 1094 3647 quisquis
1119 3561 1188 3625 vult
1212 3580 1286 3626 esso
1309 3562 1454 3643 satelles,

596 3685 658 3750 quo
681 3671 857 3750 praesente
881 3664 975 3730 nefas
998 3664 1211 3729 committitur
1234 3670 1332 3751 atque
1355 3666 1480 3748 siletur,

595 3773 652 3834 aut
674 3769 782 3834 soelus
804 3767 867 3834 hoo
892 3768 920 3832 si
941 3767 1027 3833 lorta
1051 3773 1156 3851 sonet,
1180 3773 1290 3833 tamen
1313 3769 1369 3834 ille
1395 3769 1531 3854 negabit

526 3889 560 3944 65
596 3879 714 3959 sponte
730 3878 849 3958 petens
865 3876 1027 3936 tormenta
1043 3891 1168 3952 eruces,
1186 3890 1244 3958 per
1259 3871 1415 3955 membra,
1432 3892 1491 3959 per
1506 3877 1595 3937 artus

596 3976 764 4042 earnifioes
788 3976 936 4041 flammas
959 3974 1091 4062 proprio
1116 3975 1237 4040 satiare
1260 3996 1385 4058 eruore,

593 4081 726 4146 tortoris
749 4079 884 4146 laudare
909 4099 1054 4153 manum;
1078 4099 1136 4166 pro
1159 4077 1258 4144 divite
1283 4099 1405 4167 poenas

595 4185 624 4250 si
646 4185 778 4271 patitur,
802 4183 830 4248 si
851 4183 961 4248 vinela
982 4203 1102 4269 gerens
1126 4181 1292 4271 ergastula
1313 4189 1431 4270 portet,

595 4309 632 4355 se
654 4293 786 4376 reputet
808 4287 971 4353 aruoiasse
995 4287 1076 4353 alios
1099 4293 1135 4353 ut
1158 4287 1294 4354 erimina
1317 4289 1419 4366 oelet;

524 4407 560 4464 70
596 4392 657 4479 (ut)
681 4393 758 4460 talis
782 4390 874 4459 dives
898 4391 1003 4478 qualis
1026 4391 1195 4457 mendicus
1218 4392 1320 4458 amari

299 4605 334 4659 36
352 4613 450 4660 remoto
467 4607 591 4659 Bdlrreas
662 4601 697 4655 88
714 4615 731 4641 ···
750 4603 880 4655 Producat
897 4603 931 4666 N,
950 4602 1060 4654 Prodest
1077 4601 1167 4665 Dolosa
1186 4603 1316 4656 Producat
1333 4610 1433 4658 turmas
1450 4605 1545 4672 Paper
1612 4607 1648 4662 42
1666 4611 1808 4664 inlustrant
1820 4611 1854 4675 N,

196 4693 338 4746 inlustrans
355 4692 457 4758 (eadem
474 4694 501 4746 or'
516 4711 568 4760 pao
586 4693 716 4755 lustrans,
735 4686 909 4758 conlustrans)
926 4689 1062 4756 Btobeler,
1087 4691 1113 4742 ni
1136 4691 1249 4744 lustrans
1267 4691 1367 4758 Peiper,
1390 4693 1484 4758 opinor
1505 4695 1626 4748 inlustres
1713 4696 1748 4749 44
1765 4699 1794 4750 io
1809 4701 1855 4766 qui

197 4789 233 4832 eet
251 4781 260 4831 i
278 4778 322 4847 (ea
340 4779 390 4847 oi)
411 4789 528 4834 conecto
539 4780 571 4831 N
634 4777 669 4832 47
688 4780 743 4848 ipsa
755 4778 786 4830 N
850 4775 885 4831 50
902 4779 1047 4830 Laetantur
1064 4778 1139 4829 mites
1152 4777 1185 4842 N,
1204 4779 1318 4843 carrera]
1335 4779 1420 4830 minus
1432 4781 1599 4848 probandum
1617 4783 1695 4848 siles;
1714 4784 1855 4838 Bitobeler:

194 4875 294 4920 mentes
371 4866 651 4936 dragonariensem
719 4865 754 4919 55
772 4866 860 4918 Turba
878 4865 1057 4933 superborum.
1076 4866 1147 4916 Ciuis
1164 4866 1192 4916 in
1210 4883 1259 4931 eqr.
1278 4865 1314 4917 sie
1331 4864 1367 4930 N,
1385 4883 1451 4918 corr.
1464 4865 1593 4918 Bdobeler
1661 4867 1695 4922 56
1713 4871 1802 4923 Turba
1820 4871 1854 4938 N,

195 4971 263 5007 corr.
280 4953 360 5006 Dabo
447 4953 480 5008 57
499 4955 568 5019 Quid
590 4954 624 5022 N,
643 4971 710 5006 corr.
725 4939 855 5005 Bardili?
859 4939 936 4946 ”””””
939 4939 975 5004 58
986 4937 1121 5004 Ἰιἰἰίιῐίἰὶἰιιιε
1140 4951 1171 5002 N
1187 4951 1246 5016 (rie)
1331 4950 1368 5004 60
1384 4953 1449 5004 haee
1467 4969 1515 5003 οιη.
1528 4952 1558 5002 N
1572 4954 1648 5004 nulla
1667 4956 1771 5022 lamna,
1790 4958 1854 5010 add.

194 5039 324 5093 Bachaias
394 5042 450 5110 ipsa
463 5037 594 5110 Rosaderp
664 5040 697 5094 61
711 5057 728 5084 ···
741 5043 795 5092 Neo
811 5047 897 5092 tamen
909 5041 964 5106 ipse
976 5040 1145 5090 meretursed
1158 5039 1254 5107 probus
1266 5054 1315 5104 eqr.
1327 5039 1403 5089 nullo
1415 5039 1500 5090 littero
1514 5039 1597 5090 deleta
1609 5041 1640 5091 N
1705 5041 1739 5094 63
1756 5025 1854 5126 napibus

179 5127 230 5180 ,aio
244 5127 276 5178 N
341 5126 376 5180 64
394 5129 547 5195 negauitN,
565 5129 774 5182 corallachates
843 5125 878 5179 65
890 5127 974 5178 oruois
987 5125 1109 5178 Bdlsrem
1178 5142 1223 5192 per
1240 5126 1355 5178 membra
1367 5133 1473 5194 paratus
1486 5125 1600 5178 Schenkl
1668 5127 1702 5180 66
1720 5131 1854 5183 carnificis

193 5213 294 5265 lamnas
315 5213 438 5267 Bdlrrem
525 5213 559 5268 68
576 5232 682 5283 gemens
705 5215 807 5266 Plaude
875 5210 969 5282 portet]
988 5215 1082 5281 perfert
1105 5212 1233 5265 Brtebeler
1320 5209 1354 5264 69
1372 5229 1408 5262 an
1426 5211 1562 5264 aliorum?
1625 5215 1710 5269 oelsut
1726 5216 1855 5270 Bdclreler

229 5297 263 5352 70
280 5307 310 5353 nt
327 5319 376 5352 om.
390 5301 425 5366 N,
443 5302 518 5354 nullo
535 5303 619 5368 spatio
635 5303 732 5366 relicto,
750 5301 811 5353 odd
826 5300 907 5352 Dabo

297 5505 332 5562 35
349 5507 734 5578 ctiMort.Dum.1,12sqq.
754 5507 861 5579 Ooripp.
879 5507 936 5563 Iob.
954 5513 1039 5576 2383
1125 5507 1158 5562 61
1177 5505 1322 5574 afilem&
1337 5511 1436 5574 dvm.
1523 5507 1557 5562 65
1576 5506 1784 5578 laceratam
1802 5527 1853 5580 per

193 5608 325 5677 membra,
344 5627 395 5680 per
413 5615 490 5667 artus
509 5611 553 5681 (cf.
566 5613 658 5678 4119)
