4568 6396
413 373 466 428 XX
1137 369 1351 424 PRAEFATIO.

417 547 451 616 O.
480 547 587 615 Wottcc
616 553 666 613 sat
688 546 899 628 neptepenter,
927 548 960 622 ut
986 545 1076 608 etin
1104 543 1158 608 troc
1185 544 1285 609 cortice
1313 543 1484 610 cohibendo
1510 544 1583 609 item
1614 549 1649 609 ut
1677 546 1711 610 in
1732 545 1776 610 M
1796 547 1874 612 mitri
1901 549 2073 614 cavendnm

411 657 489 717 essct
524 672 564 716 nc
596 651 720 716 silentio
753 649 921 714 conlatoris
952 648 1050 712 nimis
1082 646 1302 733 confidercm1)
1337 648 1521 729 lectoresque
1554 647 1740 730 decipercm;
1771 650 1822 714 tris
1857 652 1955 734 ipitm
1998 653 2073 718 locis

411 756 538 838 sipnaci
566 756 639 837 (F).
689 751 926 837 praefationem
964 751 1091 834 Eupcni
1120 753 1306 835 prosarium
1351 752 1477 816 omnino
1513 771 1577 817 non
1612 753 1794 834 inspexerat
1834 754 1956 821 Wottcc:
1993 756 2073 822 miti

412 863 540 940 capatus
560 857 778 924 litteratissime
799 856 930 921 contulit
952 877 978 919 o.
994 855 1033 920 cl.
1049 854 1094 921 H.
1113 854 1258 923 Omont.
1281 893 1323 903 -
1353 855 1390 920 F
1411 875 1476 920 non
1494 855 1586 921 tratct
1607 857 1740 921 lacunas
1766 857 1854 936 illas,
1887 859 2001 940 quitus
2032 858 2079 923 M

407 961 558 1047 foedatus
587 966 645 1040 est,
677 979 782 1025 ornnes
809 959 930 1024 ectrilret
952 978 1060 1024 corsus
1081 959 1207 1042 Eupeni
1233 963 1360 1040 praeter
1381 957 1613 1044 satisfactionis
1634 961 1778 1026 nltimam
1803 966 1926 1042 portem
1952 963 2026 1027 inde
2040 985 2072 1030 o.

411 1087 439 1130 o.
457 1067 517 1128 199
540 1065 653 1147 (231),·
679 1063 714 1128 tri
735 1063 778 1126 21
792 1081 909 1140 versus,
934 1063 953 1126 i.
976 1063 1166 1143 cccrnplaris
1174 1064 1300 1148 popina
1314 1083 1389 1142 una,
1402 1063 1528 1144 periere
1550 1063 1585 1126 in
1612 1064 1643 1128 Φ
1664 1069 1721 1128 aut
1742 1083 1807 1130 non
1827 1065 1977 1146 descripti
1998 1071 2073 1130 suat

411 1170 513 1235 nescio
539 1189 602 1250 quo
629 1168 666 1232 cle
696 1167 838 1250 canso2).
895 1166 989 1231 codes
1011 1169 1163 1231 maratus
1190 1166 1231 1231 ao
1257 1166 1379 1232 tremine
1406 1167 1528 1231 indocto
1554 1170 1651 1232 scatet
1680 1168 1768 1232 uitiis
1796 1170 2073 1249 pronuntiationis

412 1276 441 1338 ct
462 1273 637 1352 scripturae
659 1271 727 1335 eins
750 1271 819 1336 aevi
841 1269 1080 1351 Hispanicum).
1125 1269 1163 1334 dc
1185 1275 1352 1335 correctore
1374 1270 1425 1334 1³2
1446 1268 1539 1354 infra
1561 1270 1621 1335 erit
1642 1271 1805 1354 opcndum.

372 1401 399 1454 P
511 1393 611 1473 plane
625 1392 730 1456 eodem
740 1390 768 1477 ⁴)
784 1391 975 1473 Enpcniono
991 1411 1071 1472 quae
1085 1391 1121 1455 F
1132 1392 1267 1456 continet
1281 1391 1364 1455 atter·
1382 1391 1477 1456 mdccc
1496 1390 1709 1457 Parisinus
1720 1391 1795 1476 ch.
1810 1395 2072 1473 temerantia,

412 1501 447 1561 at
469 1502 498 1561 et
521 1498 587 1578 ipse
609 1501 661 1561 sot
681 1497 843 1577 antiquus,
866 1497 980 1577 quippe
1001 1501 1078 1560 voto
1103 1494 1209 1560 bonae
1233 1496 1411 1560 memoriae
1434 1495 1604 1560 Msnnonis
1630 1497 1672 1578 (†
1690 1498 1770 1573 860)
1793 1497 1835 1561 ad
1864 1498 2072 1583 sepulchrum

412 1600 516 1666 suncti
531 1599 684 1686 Augendi
700 1599 873 1684 oblatum),
889 1619 979 1681 quem
989 1599 1083 1679 plene
1098 1599 1262 1680 descripsit
1276 1598 1317 1664 Ε.
1332 1597 1508 1676 Ditmnrter,
1531 1597 1573 1664 N.
1590 1600 1633 1666 A.
1648 1599 1707 1664 IV
1719 1601 1813 1678 1878,
1835 1601 1910 1668 245.
1932 1604 2071 1686 297spp.

407 1709 489 1787 poet.
502 1725 567 1769 aco.
582 1703 687 1770 (tarot.
700 1702 745 1768 II
750 1724 785 1784 p.
800 1702 873 1766 508.
910 1700 1134 1768 Dracontrana
1149 1702 1295 1786 tepuntur
1309 1702 1363 1783 sot.
1378 1703 1516 1766 11-29.
1590 1706 1626 1767 in
1642 1702 1675 1768 P
1686 1703 1786 1768 codice
1800 1703 1915 1769 utendo
1930 1707 2071 1770 maxima

411 1813 457 1874 est
484 1808 661 1873 adtollenda
689 1808 801 1872 cautio.
842 1827 940 1888 neque
968 1807 1051 1871 enim
1078 1806 1132 1870 itte
1159 1810 1194 1870 ut
1220 1806 1272 1871 F¹
1291 1806 1427 1888 fideliter
1442 1807 1605 1889 descripsit
1619 1806 1786 1889 exemplar,
1808 1807 1863 1872 scd
1883 1809 1952 1872 sine
1973 1810 2073 1874 attero

412 1917 485 1978 teste
507 1913 574 1977 suis
595 1912 694 1982 nicrrs
715 1910 836 1974 oirilms
857 1913 987 1974 conatus
1009 1914 1053 1973 est
1075 1909 1247 1974 emendare.

366 2061 394 2108 ψ
516 2037 607 2097 tanto
634 2035 737 2096 autern
765 2036 811 2095 cst
832 2030 979 2110 affinitas
1001 2029 1140 2095 codicum
1167 2030 1257 2095 Fet
1283 2029 1327 2108 P,
1357 2035 1393 2093 nt
1419 2031 1593 2096 necessario
1620 2030 1780 2116 referendi
1809 2033 1874 2096 sint
1902 2032 1946 2097 ad
1971 2053 2071 2098 unum
2180 2119 2181 2124 ἵ

414 2137 603 2222 archetypam
622 2136 653 2200 Φ
667 2135 758 2200 aolrlc
780 2135 845 2198 iarn
867 2135 1051 2214 discrepans
1072 2133 1112 2198 ab
1134 2133 1179 2198 M
1197 2139 1227 2198 et
1247 2133 1352 2218 W).
1390 2138 1483 2216 atque
1505 2134 1540 2199 id
1556 2133 1656 2220 facile
1677 2137 1865 2215 restituitur,
1885 2137 2070 2220 pleniorque

886 2356 1115 2412 EPHITAFION

930 2441 1057 2512 Aspicite
1076 2441 1220 2498 venientes
1237 2457 1288 2509 eps.

981 2527 1011 2596 (i.
1025 2525 1162 2592 Bitcttclcr,
1179 2543 1260 2580 curor.
1272 2527 1353 2595 <pipin
1367 2534 1419 2594 75⁶,
1440 2525 1521 2582 Rossi
1532 2527 1591 2582 111
1605 2545 1633 2596 p.
1646 2533 1694 2584 273
1711 2546 1739 2582 n.
1751 2533 1786 2598 3).

516 2636 564 2702 tol.
577 2641 609 2691 33
645 2633 739 2688 ordot
756 2648 820 2687 rere.
851 2641 864 2686 1
891 2631 1034 2700 Quidquid
1051 2631 1088 2686 ab
1106 2630 1209 2686 hebreo
1227 2646 1276 2698 eps.

982 2716 1141 2784 (Ttrcoduts.
1153 2733 1234 2771 carm.
1249 2725 1281 2771 41
1294 2717 1311 2770 1
1326 2721 1350 2770 ct
1362 2717 1415 2776 ΙΙ).

526 2869 543 2895 ,,
579 2833 611 2882 35
670 2866 688 2892 ,,
724 2831 741 2878 2
758 2821 822 2878 med.
885 2821 937 2876 hos
955 2839 1049 2877 versus
1061 2819 1181 2890 sybillae
1200 2819 1240 2876 sic
1258 2819 1437 2876 beatissimus
1449 2821 1623 2892 Augustinus
1642 2826 1740 2877 contra
1759 2821 1876 2878 ludaeos
1894 2822 2008 2879 adorsus
2027 2829 2071 2881 est

930 2909 960 2963 in
978 2907 1052 2963 libro
1070 2907 1198 2963 ciuitatis
1216 2906 1261 2962 dei
1280 2908 1331 2974 (18,
1341 2911 1384 2976 23)
1401 2924 1452 2976 eps.

513 2999 653 3069 poterion
670 3002 800 3066 quattuor
815 2994 934 3090 sotiassd
1868 3065 1917 3087 d

515 3104 563 3170 sot.
576 3108 626 3158 361
638 3099 705 3156 ordo
718 3109 730 3154 1
749 3116 812 3154 cers.
843 3110 857 3154 1
884 3097 1047 3154 SCISSIMO
1059 3096 1191 3152 DOMNO
1204 3096 1280 3152 MEO
1293 3095 1473 3151 MODOENO
1483 3095 1657 3151 IVLIANVS
1667 3085 1840 3154 SERUORIP
1851 3099 1917 3154 DNl
1933 3100 2072 3155 SERUUS

933 3182 994 3238 Tua
1013 3187 1073 3259 ptos
1092 3181 1188 3252 grauis
1206 3180 1234 3236 ii
1252 3186 1281 3238 et
1300 3185 1441 3239 maturato
1460 3181 1537 3238 senio
1555 3181 1652 3237 ualida
1670 3199 1721 3252 eps.

666 3332 681 3356 „
715 3297 732 3344 2
774 3331 791 3357 ‚,
846 3289 990 3344 9Uersus
1009 3286 1109 3342 Isidori
1125 3285 1239 3342 minoris
1258 3286 1287 3340 in
1305 3286 1388 3342 leude
1407 3286 1500 3342 uirortt
1518 3285 1649 3342 inlustris
1669 3327 1674 3340 .
1694 3288 1745 3344 llle
1764 3287 1894 3360 Origenis
1912 3307 1965 3361 ego

983 3376 1058 3440 (scint
1076 3389 1167 3428 ruens
1185 3373 1278 3442 Mipnc
1297 3379 1333 3428 63
1337 3391 1365 3441 p.
1385 3380 1448 3429 1108
1465 3390 1488 3428 n.
1503 3376 1616 3444 7-29).

516 3464 653 3533 perimunt
671 3463 859 3533 quaterniones
883 3461 1015 3516 VI-IX.

519 3569 614 3635 solt?
648 3568 741 3622 ordor
759 3583 823 3622 cers.
853 3574 867 3620 1
894 3565 984 3620 UITA
1016 3564 1179 3620 UERGILll
1207 3530 1318 3619 IN‘EPd'I'
1349 3563 1373 3617 Α
1400 3561 1495 3618 FOOA
1524 3563 1771 3619 GRAMMATICO
1803 3564 1911 3621 UR-BIS
1942 3566 2070 3622 ROMAE

930 3651 1108 3708 UERSIBUS
1126 3651 1238 3706 EDITA

980 3739 1077 3806 (Riese,
1096 3738 1169 3792 andr.
1182 3746 1236 3806 cn,
1255 3744 1381 3808 1-131).

511 3827 650 3897 perierurrt
668 3842 714 3882 seo:
729 3827 800 3894 folia
818 3826 1004 3895 quaternionis
1024 3825 1079 3882 Χῖ.

515 3931 564 4000 fot.
577 3937 612 3986 36
646 3930 740 3986 ordot
757 3947 824 3986 cers.
851 3939 865 3984 1
892 3928 987 4000 exegit
1004 3930 1114 4001 largum
1132 3933 1245 4000 tempus
1262 3927 1421 3998 statuitque
1438 3931 1571 4000 repperti

980 4020 1102 4084 (cannen
1119 4017 1297 4071 dictationum
1315 4014 1608 4105 mutilum—a-lr-initio).
1853 4103 1869 4110 -
1889 4084 2021 4107 -ῌ

525 4163 540 4188 ,,
575 4127 629 4177 38⁹
674 4163 689 4188 „
725 4131 739 4176 1
784 4162 799 4188 ‚,
827 4127 860 4175 13
886 4120 1082 4176 INOlPlUNT
1094 4117 2073 4176 UERSUSAGRESTIEPSOPIDEFIDEADAUITUEPSOPM...

931 4207 1009 4262 Inter
1027 4205 1204 4262 christicolas
1223 4206 1346 4261 celebres
1364 4222 1433 4275 quos
1452 4204 1528 4260 lema
1546 4205 1707 4274 frequentet
1724 4220 1773 4272 eas.

981 4310 1013 4361 in
1031 4308 1110 4362 cuius
1127 4307 1256 4361 conuiuis
1274 4323 1350 4361 censu
1362 4315 1396 4362 49

929 4395 1068 4450 inmemor
1084 4393 1197 4449 arbitrii
1216 4395 1282 4449 dum
1300 4394 1420 4466 simplex
1438 4395 1498 4450 Eva
1517 4394 1632 4451 droconi

409 4499 473 4566 finit
493 4516 564 4569 pars
585 4497 686 4554 codicis
707 4498 871 4569 cier'potlrica
909 4497 941 4553 dc
962 4499 1071 4566 reliquis
1095 4496 1197 4552 codicis
1214 4497 1341 4567 portibus
1366 4514 1424 4552 non
1444 4499 1536 4552 minus
1553 4499 1680 4567 pretiosis
1705 4499 1749 4554 tric
1771 4499 1868 4567 referre
1894 4499 2001 4569 lonpnm
2027 4504 2072 4553 cst.

415 4623 442 4690 1)
460 4620 574 4676 codicun
592 4622 646 4691 ipsi
664 4621 729 4675 milri
746 4621 877 4690 inspicere
893 4637 951 4675 non
969 4620 1052 4687 licre-it,
1070 4635 1151 4688 noune
1168 4619 1239 4674 enim
1255 4620 1363 4689 ropanti
1379 4620 1527 4674 transmitti
1540 4621 1719 4690 permiserunt
1730 4619 1925 4692 bybliothecam
1941 4619 2072 4674 Purieini.

410 4713 441 4761 at
457 4708 539 4763 nnete
557 4708 582 4762 si
599 4708 696 4762 trlrrum
713 4709 770 4776 ipse
790 4705 911 4761 uidissem
935 4721 1011 4774 spem
1028 4721 1067 4759 me
1088 4722 1146 4759 non
1162 4705 1362 4760 commissurum
1383 4705 1468 4772 fnisse
1485 4723 1544 4760 curn
1561 4723 1674 4761 errorem
1692 4722 1746 4776 prro
1761 4706 1833 4760 iusto
1851 4705 1958 4776 tonpius
1974 4704 2073 4760 detinc-

411 4794 460 4849 bur
482 4795 581 4852 scilicet
602 4801 634 4848 ut
651 4800 779 4864 putarem
802 4793 829 4847 P
849 4807 881 4847 cs
903 4793 933 4846 F
952 4809 1005 4848 esse
1026 4791 1192 4862 descriptum.
1288 4793 1315 4861 2)
1343 4793 1375 4845 in
1398 4790 1429 4846 F
1445 4798 1508 4861 post
1533 4800 1580 4850 198
1597 4798 1648 4847 tres
1673 4793 1754 4847 oocni
1778 4797 1842 4847 uerit
1869 4809 1965 4848 uuna.
2005 4791 2074 4846 deest

408 4887 546 4952 prosimu
563 4881 621 4939 herc.
635 4889 684 4937 466
701 4899 724 4936 o.
736 4886 792 4936 not.
805 4889 830 4936 4.
919 4879 947 4946 8)
963 4877 1021 4932 cide
1031 4877 1090 4932 ind.
1103 4878 1273 4948 orttropruplr.
1366 4879 1394 4946 4)
1406 4877 1502 4933 desim
1513 4880 1594 4934 ctiam
1611 4880 1642 4932 in
1660 4879 1687 4933 P
1701 4879 1759 4934 tres.
1772 4886 1824 4934 466
1840 4883 1865 4933 et
1876 4878 2073 4944 satisfactionis

410 4969 484 5036 finis.
581 4969 609 5040 5)
629 4968 660 5024 dc
675 4967 828 5022 Memnonis
845 4965 980 5020 codicibus
992 4982 1015 5020 r.
1029 4964 1062 5019 L.
1079 4965 1191 5030 linum,
1210 4963 1307 5020 Rtrein.
1322 4965 1396 5020 Mors.
1409 4972 1451 5029 48,
1478 4971 1676 5034 1333134896.
1710 4965 1857 5034 specimina
1873 4965 2025 5033 scripturae
2041 4979 2075 5019 cn·

411 5055 440 5110 P
450 5055 536 5124 patra
553 5055 601 5110 dat
619 5055 654 5111 L.
667 5055 774 5120 Dciisle,
796 5053 905 5108 Gabinct
922 5052 967 5107 des
983 5068 1043 5107 mss.
1057 5052 1113 5106 III
1124 5059 1178 5107 260
1199 5052 1316 5120 plancta
1335 5051 1491 5118 XXVIII,
1513 5059 1536 5107 2.
1549 5059 1573 5107 3.
1665 5053 1692 5120 6)
1713 5052 1781 5106 vitia
1799 5052 1831 5104 in
1850 5051 1903 5106 FP
1921 5051 2075 5104 conununia

407 5142 544 5210 permulta
560 5147 640 5203 sunt,-
658 5142 726 5196 satis
741 5141 824 5195 habeo
843 5141 938 5206 afferre
955 5139 1072 5208 munpla
1086 5139 1260 5208 prorissimo:
1282 5138 1340 5192 troc.
1356 5145 1389 5193 62
1412 5138 1567 5208 protereus,
1592 5147 1638 5192 141
1657 5137 1727 5193 Cum
1744 5154 1808 5205 orn,
1826 5144 1875 5192 177
1895 5137 2004 5192 cunctis
2020 5154 2074 5206 pro

412 5233 490 5285 certa
508 5228 590 5294 deus,
609 5227 782 5284 trumhere
804 5226 885 5300 ignes
908 5229 986 5282 totus
1012 5242 1066 5294 pro
1091 5225 1209 5282 rubuere
1227 5241 1317 5296 genae
1337 5227 1424 5288 totoS,
1449 5230 1502 5279 386
1520 5223 1678 5280 Concordst
1698 5241 1752 5293 pro
1770 5223 1923 5287 Concedam
1941 5223 2075 5278 accedunt

411 5319 527 5370 tacunoc
549 5331 635 5384 supra
657 5321 712 5371 not.
731 5321 748 5368 2
764 5319 788 5369 d
807 5321 824 5368 4
849 5317 1070 5368 cornmcrnoratao.
1110 5317 1198 5366 tamar
1219 5311 1309 5376 saleru
1329 5327 1402 5365 cram
1419 5327 1481 5366 cum
1499 5316 1635 5380 pmtaccrn,
1653 5311 1681 5365 P
1699 5327 1732 5366 eu
1748 5311 1778 5366 F
1794 5311 1911 5378 firmisse.
1951 5309 2074 5378 obstrepit

410 5401 474 5457 truie
491 5403 636 5458 munuae
648 5403 794 5472 pnnecipuc
817 5400 849 5455 id
866 5400 938 5470 qnod
960 5401 992 5453 in
1009 5399 1175 5454 carminibus
1191 5398 1341 5453 minoribus
1358 5399 1468 5468 Eupcrri
1487 5400 1513 5453 P
1531 5415 1589 5452 non
1605 5396 1691 5453 redire
1710 5395 1748 5450 ad
1769 5397 1858 5465 ipsum
1876 5397 1907 5450 F
1922 5401 2021 5450 cuturn
2037 5401 2074 5450 cst

409 5489 445 5556 (o.
459 5489 558 5558 intra).
593 5489 657 5544 irrdc
674 5490 753 5544 ctiam
771 5489 820 5544 troc
837 5487 973 5554 discimus,
991 5503 1057 5551 non,
1073 5492 1105 5540 nt
1122 5485 1186 5540 otim
1203 5485 1345 5554 opinabar,
1362 5485 1390 5538 P
1404 5491 1466 5540 arde
1488 5485 1579 5539 ocutos
1595 5483 1717 5538 trobuisse
1734 5483 1906 5538 correctiones
1923 5482 1957 5536 ab
1976 5481 2022 5536 F*
2044 5483 2075 5535 in

410 5575 442 5630 F
455 5575 553 5645 sonos,
571 5575 615 5631 sed
631 5592 706 5631 rcrsa
724 5577 777 5630 cicc
796 5574 842 5628 F·
859 5591 938 5629 sicum
955 5573 1071 5628 codicem
1088 5571 1232 5626 corrcniesc
1248 5569 1287 5624 ad
1303 5572 1448 5639 munptum
1466 5572 1494 5625 P
1509 5569 1617 5625 codicis.
1651 5586 1719 5638 pirae
1740 5585 1800 5624 curn
1822 5570 1863 5622 ita
1884 5569 1947 5636 sint,
1970 5567 2077 5637 atrprrid

410 5663 551 5732 accipiunt
564 5663 693 5732 ponderis
707 5663 793 5731 parmi
816 5662 838 5714 ii
857 5661 908 5715 toci
925 5659 1021 5728 priores
1038 5658 1075 5724 P,
1094 5658 1141 5726 pri
1159 5673 1219 5711 curn
1241 5674 1311 5711 cura
1328 5657 1531 5727 oritroprnptrica
1548 5661 1632 5710 caeru
1654 5655 1768 5724 ompulit,
1789 5655 1857 5709 tatia
1875 5655 1990 5709 rotinuit
2006 5671 2075 5724 prae
