4590 6390
811 369 981 427 CARMINA
1000 371 1282 428 XXXIII-XXXVI

613 653 779 730 XXXIV.
821 655 882 728 DE
908 655 1051 732 VLMIS
1077 656 1139 732 ΕΤ
1166 656 1473 736 PASSERIBVS.

614 785 666 852 En
689 808 750 873 per
772 787 978 854 frondisonas
1001 789 1133 856 herbosi
1156 791 1310 878 caespitis
1332 792 1438 860 ulmos

660 896 820 957 concentu
844 891 965 978 pariles
989 892 1083 959 dulce
1107 901 1287 981 queruntur
1309 918 1403 962 ares:

615 993 668 1060 hic
691 995 780 1062 lesse
802 995 918 1082 gelidis
940 995 1107 1063 tradamus
1131 1019 1267 1087 corpora
1289 999 1398 1066 flabris

657 1104 845 1184 promentes
868 1099 977 1165 verbis
1001 1101 1143 1166 carmina
1166 1102 1339 1171 dulcifluis.

619 1395 769 1474 XXXV.
810 1399 871 1473 DE
896 1397 1078 1492 IVRGIO,
1106 1400 1236 1492 QVOD
1264 1402 1467 1479 AGCIDIT.

615 1531 691 1598 Non
714 1553 844 1618 sensus,
867 1535 981 1617 lectur,
1005 1556 1137 1622 quaeso,
1161 1556 1227 1602 non
1249 1537 1350 1603 verba
1372 1537 1528 1624 requiras,

659 1638 804 1706 scribare
827 1660 902 1705 nam
926 1660 1040 1705 versus
1063 1641 1179 1728 inpulit
1201 1662 1280 1708 ecce
1304 1640 1405 1708 dolor.

616 1739 759 1824 Christe,
783 1743 857 1810 lore
879 1744 991 1832 segnis
1014 1746 1179 1832 torpentia
1202 1747 1345 1813 carmina
1366 1745 1507 1834 linguas,

658 1852 695 1912 ut
715 1847 838 1934 possim
861 1855 997 1935 questus
1020 1849 1092 1936 ipse
1114 1849 1237 1916 referre
1259 1871 1363 1918 meos.

562 1968 580 2024 a
616 1953 659 2019 da
680 1958 792 2039 guttas
815 1954 929 2038 oculis,
953 1973 1065 2041 posco,
1088 1952 1130 2020 da
1153 1953 1256 2020 rerba
1278 1955 1445 2041 querellis,

659 2078 736 2122 nam
758 2057 838 2123 flere
860 2057 1002 2144 requies,
1024 2057 1145 2143 gaudia
1168 2079 1277 2146 poena
1300 2058 1391 2126 milri.

614 2161 744 2230 iunctus
768 2181 856 2228 crem
880 2162 1017 2226 nimium
1039 2159 1159 2228 dilecto
1182 2169 1293 2229 manta
1315 2162 1432 2245 sodali,

661 2267 754 2331 cuius
777 2266 818 2332 ab
842 2266 964 2332 affectu
989 2266 1133 2332 carmine
1155 2272 1285 2334 maesta
1306 2273 1435 2333 canunt.

615 2390 681 2437 non
703 2371 749 2436 sic
771 2369 951 2457 Euryalum
973 2369 1075 2436 Nisus
1099 2370 1215 2438 dilexit
1236 2377 1392 2452 amatum,

551 2491 584 2548 ιο
664 2473 819 2542 nectebat
839 2479 877 2540 ut
898 2493 959 2540 nos
981 2495 1048 2562 pax
1069 2475 1103 2540 in
1125 2495 1236 2541 amora
1259 2473 1354 2543 deus.

617 2577 795 2645 concordas
819 2579 945 2644 animos
968 2579 1097 2644 solvens
1119 2577 1281 2646 discordia
1304 2579 1427 2668 carpsit

660 2688 694 2750 ct
717 2683 815 2750 cessit
837 2683 928 2748 duris
950 2703 1017 2770 pax
1039 2687 1174 2748 tenuata
1196 2682 1289 2750 dolis.

615 2791 652 2852 ut
674 2791 783 2853 turtur
805 2787 894 2853 solus
917 2806 1074 2875 percusso
1098 2807 1237 2873 conpare
1259 2787 1380 2875 plango

660 2896 694 2956 et
716 2890 837 2957 frustra
859 2890 1011 2957 lacrimas
1033 2911 1137 2977 penso
1158 2891 1266 2977 perire
1290 2911 1392 2958 meas.

549 3009 582 3065 15
617 2993 722 3076 labor,
744 2994 776 3059 ic
800 2995 877 3075 cari,
901 2993 1004 3076 labor,
1028 2993 1207 3060 succurrite
1229 2993 1331 3076 fratri,

660 3097 816 3186 praebete
840 3098 929 3164 socio
953 3119 1026 3164 cum
1048 3099 1174 3186 pietate
1197 3118 1339 3164 manum.

616 3202 715 3288 pelle,
738 3222 865 3288 precor,
888 3203 1019 3289 penitus
1041 3202 1222 3289 pungentis
1244 3201 1360 3289 iurgia,
1384 3201 1525 3282 Christe,

659 3311 697 3370 nt
719 3305 842 3393 possim
864 3305 967 3370 sacris
989 3305 1097 3372 lactus
1120 3304 1235 3372 adesse
1258 3306 1334 3384 tuis.

218 3589 365 3681 (XVffl)
658 3604 824 3680 XXXVI.
864 3603 1004 3679 PAGIS
1031 3601 1441 3681 REDINTEGRATIO.

614 3737 744 3804 Gaudia
767 3737 977 3825 praepetibus
1000 3741 1197 3803 concurrunt
1218 3735 1363 3823 undique
1386 3737 1472 3804 votis

658 3847 692 3909 et
714 3843 815 3928 gestit
837 3843 982 3908 animum
1005 3861 1072 3929 pax
1093 3859 1245 3908 recreare
1267 3862 1388 3910 meum.

615 3946 785 4013 vivescunt
807 3967 924 4014 sensns
946 3946 1034 4013 bello
1057 3945 1180 4032 liteque
1202 3945 1345 4034 repressi

658 4057 693 4118 et
716 4053 806 4118 venit
828 4051 871 4118 cd
893 4051 1034 4139 primurn
1056 4071 1150 4118 mens
1173 4051 1320 4118 lacerata
1342 4049 1484 4118 modum.
1597 4045 1598 4049 ’

562 4172 579 4227 5
617 4155 735 4222 crescit
756 4176 868 4222 amore
892 4156 998 4222 salus:
1021 4154 1144 4242 procul,
1168 4175 1198 4236 ο,
1221 4155 1335 4241 procul
1358 4159 1427 4222 esta
1450 4155 1591 4238 dolores,

660 4280 735 4326 nam
758 4259 853 4326 iussit
874 4259 1007 4345 refugos
1030 4259 1096 4325 iam
1119 4257 1265 4325 stabilire
1288 4257 1380 4327 deus.

615 4368 650 4428 at
672 4369 717 4444 tu,
742 4384 898 4450 perverse
921 4361 1061 4428 daemon
1084 4367 1118 4428 st
1140 4362 1276 4450 pestifer
1297 4363 1427 4448 anguis,

659 4467 705 4532 nil
727 4465 885 4555 prodesse
908 4466 968 4532 tibi
990 4486 1086 4548 nunc,
1109 4466 1264 4553 periture,
1286 4465 1371 4532 dole.

619 4592 683 4637 non
706 4577 764 4637 tua
785 4568 909 4658 pracda
932 4591 1054 4652 sumus,
1078 4569 1225 4656 quamvis
1248 4570 1303 4658 pia
1325 4576 1458 4656 pectora
1483 4570 1564 4636 rixis

547 4694 580 4751 10
659 4676 816 4763 punxeris
839 4674 881 4740 ad
903 4674 1078 4758 modicum,
1101 4695 1166 4740 non
1189 4679 1246 4740 tun
1268 4673 1392 4763 praeda
1415 4695 1538 4742 sumus.

617 4782 663 4848 sic
687 4802 818 4867 semper
839 4779 963 4866 rapidis
985 4801 1145 4846 vanescas
1168 4777 1300 4844 tabidus
1323 4779 1412 4845 auris

658 4891 691 4950 et
713 4905 775 4951 nos
797 4883 830 4948 in
854 4882 985 4950 Christo
1008 4883 1054 4950 sic
1077 4887 1209 4948 tueatur
1230 4901 1333 4948 amor.

324 5059 394 5130 [¹¹
403 5059 482 5129 ΧΠ]
517 5061 569 5112 M·

326 5164 461 5236 [XXXV]
497 5166 531 5218 M
535 5173 550 5204 ⁸
591 5164 608 5218 3
630 5165 717 5232 segnis
745 5171 772 5217 ct
796 5163 830 5214 M
930 5159 946 5213 ⁷
972 5163 1085 5215 Hinctur
1114 5159 1155 5224 (in
1176 5178 1259 5230 mam.
1287 5161 1407 5229 Iunctus)
1429 5161 1465 5213 M
1546 5161 1640 5216 dilecta
1663 5162 1700 5214 M
1800 5161 1819 5217 8
1845 5164 1879 5216 ab

226 5255 349 5308 affectum
367 5253 405 5316 M,
424 5255 457 5306 cb
474 5255 595 5306 allectum
613 5251 771 5304 Lwcaannc
859 5247 892 5303 10
909 5267 969 5303 cuca
987 5250 1085 5302 scritns
1102 5249 1151 5315 dci,
1170 5250 1204 5316 cs.
1217 5253 1242 5314 4,
1255 5253 1285 5300 11
1372 5247 1503 5301 reuocari
1521 5249 1580 5302 cdd.

324 5355 480 5425 [xxxvl]
516 5355 620 5408 MP
704 5353 861 5422 draptessis
878 5354 905 5406 P
988 5351 1056 5406 4Et
1072 5353 1138 5406 rsdit
1156 5351 1207 5404 FP
1221 5352 1279 5405 cdd.
1375 5349 1449 5406 lad
1467 5361 1496 5405 tu
1514 5351 1554 5418 M,
1569 5353 1638 5406 Actu
1655 5353 1695 5406 1³¹
1777 5351 1880 5407 dilicil

222 5445 302 5512 prode
319 5451 359 5497 ast
376 5444 437 5496 stibi
455 5442 489 5494 M
555 5443 669 5510 peritura
686 5440 735 5506 (Il
752 5441 811 5494 cdd.
898 5439 995 5494 9tuad
1014 5439 1048 5490 Μ
1138 5437 1169 5490 11
1186 5439 1293 5508 rapidus
1310 5439 1342 5490 M

325 5631 481 5704 [xxxvl]
518 5632 535 5687 5
555 5629 635 5702 Vcry.
647 5629 715 5684 Aen.
727 5635 751 5700 c,
763 5636 811 5687 268
828 5629 926 5700 procul
945 5647 961 5687 c
979 5629 1078 5702 procul
1097 5632 1156 5688 sata
1174 5629 1285 5701 profani
