4590 6390
1119 353 1322 410 DRACONTII

789 535 823 595 at
847 530 979 596 volucer
1001 529 1142 596 Veneris
1166 529 1305 595 volitans
1328 549 1427 616 super
1448 549 1592 615 aequora
1613 530 1720 616 pinnis

705 651 754 706 155
790 635 855 700 iam
880 655 1039 722 spargens
1062 634 1122 699 sub
1146 633 1261 700 sreude
1284 655 1378 700 rosas
1400 639 1509 700 tamen
1533 635 1609 719 igne
1633 635 1770 720 sagittas

789 738 924 804 mandat
946 738 987 803 ad
1012 758 1194 824 aequoreos
1218 739 1354 804 comites
1377 743 1411 802 et
1432 737 1551 823 frigide
1573 737 1664 824 ponti

794 863 940 928 aequora
963 842 1108 908 flammat
1130 848 1235 926 atrox,
1259 842 1424 908 elementa
1438 847 1475 906 ιιι
1496 846 1573 908 rota
1595 842 1773 908 eelebrent.

879 947 961 1012 haec
978 945 1101 1012 dixisse
1124 953 1174 1012 sat
1195 951 1256 1028 est,
1280 945 1337 1011 sed
1361 947 1416 1032 qui
1430 944 1527 1010 modo
1545 946 1615 1012 iure
1630 951 1789 1029 tacemus,

793 1051 903 1116 omnia
925 1049 1099 1126 reddemus
1123 1049 1316 1136 quandoque
1340 1050 1514 1137 nepotibus
1538 1049 1641 1116 almis.

747 1187 849 1256 EXP.
867 1187 1221 1255 EPITHALAMIVM
1245 1187 1430 1254 IOANNIS
1454 1187 1512 1252 ΕΤ
1534 1187 1745 1255 VITVLAE.

1197 1396 1295 1462 VIII.

749 1517 1014 1607 [DRAOONTII
1051 1515 1178 1606 OPVS]
1213 1517 1274 1583 DE
1307 1517 1460 1585 RAPTV
1494 1518 1720 1585 Hunnnau.

790 1657 922 1724 Troiani
945 1657 1119 1745 praedonis
1142 1658 1206 1722 iter
1228 1663 1421 1744 raptumque
1443 1656 1617 1724 Lacaenae

793 1768 826 1827 et
848 1763 1015 1848 pastorale
1039 1762 1192 1828 scelerati
1214 1763 1356 1849 pectoris
1379 1783 1494 1828 ausum

792 1865 964 1952 aggrediar
985 1866 1121 1932 meliore
1144 1866 1206 1931 via.
1252 1887 1327 1931 nam
1351 1866 1517 1954 prodimus
1541 1867 1669 1932 hostem

791 1969 931 2058 hospitis
955 1977 988 2035 et
1009 1971 1144 2036 thalami
1167 1971 1378 2057 populantem
1401 1972 1472 2036 iura
1493 1972 1612 2052 mariti,

738 2091 755 2146 5
792 2074 925 2140 foedera
948 2076 1100 2161 coniugii,
1124 2076 1289 2140 consortia
1311 2074 1432 2140 blanda
1454 2075 1599 2162 pudoris,

792 2179 965 2244 materiem
988 2181 1130 2265 generis,
1154 2179 1275 2244 sobolis
1299 2200 1401 2266 spem,
1422 2181 1559 2266 pignere
1582 2180 1699 2266 prolis:

792 2304 867 2348 nam
890 2289 994 2349 totum
1017 2283 1058 2350 de
1081 2289 1183 2350 matre
1207 2283 1306 2364 venit,
1331 2283 1371 2348 de
1394 2291 1498 2349 matre
1521 2290 1651 2350 creatur

793 2387 878 2473 quod
901 2387 1101 2452 membratur
1122 2387 1235 2464 homo;
1265 2393 1358 2474 pater
1385 2393 1436 2453 est
1458 2387 1529 2453 lons
1553 2395 1667 2454 auctor
1689 2389 1789 2474 origo,

792 2490 851 2558 sed
875 2491 956 2556 nihil
980 2498 1030 2558 est
1055 2490 1151 2578 (sinc)
1175 2499 1279 2558 matre
1302 2497 1411 2578 pater:
1436 2498 1535 2578 quota
1557 2493 1664 2579 portio
1687 2494 1789 2579 patris

727 2614 759 2669 10
796 2597 901 2662 omnis
926 2601 1053 2662 constat
1075 2591 1197 2662 homo?
1220 2602 1325 2661 mater
1347 2597 1383 2662 fit
1403 2601 1474 2662 tota
1496 2617 1650 2684 propago.

794 2720 872 2784 argo
895 2699 987 2766 nefas
1009 2698 1148 2782 Paridis,
1172 2699 1257 2785 qnod
1281 2706 1391 2787 raptor
1412 2701 1517 2786 gessit
1538 2701 1675 2783 adulter,

792 2811 829 2876 ut
851 2804 993 2868 monitus
1016 2825 1148 2869 narrare
1171 2823 1299 2890 queam,
1322 2811 1366 2882 te,
1388 2804 1520 2890 grandis
1542 2804 1686 2872 Homero
1711 2843 1752 2854 -

793 2908 904 2972 mollia
928 2907 1104 2972 blandifluo
1128 2906 1265 2973 delimes
1290 2907 1391 2974 verba
1413 2909 1542 2996 palato;

792 3012 939 3098 quisquis
963 3012 996 3075 in
1011 3011 1119 3077 Aonio
1143 3011 1313 3078 descendit
1336 3013 1425 3078 fonte
1448 3019 1554 3100 poeta,

724 3132 756 3188 15
793 3123 826 3181 te
849 3137 970 3182 numen
993 3116 1062 3180 vult
1084 3137 1157 3182 esse
1182 3138 1293 3191 suum;
1316 3137 1378 3182 nec
1401 3115 1474 3182 dico
1499 3115 1664 3183 Camenae

793 3226 826 3286 te
848 3225 1025 3307 praesente
1044 3211 1155 3286 ‘veni':
1180 3226 1231 3285 sat
1256 3221 1319 3286 erit
1341 3220 1420 3286 mihi
1444 3243 1560 3287 sensus
1583 3220 1731 3304 Homeri,

795 3325 849 3410 qui
872 3333 948 3412 post
970 3321 1160 3410 fata'viget,
1184 3325 1238 3412 qui
1262 3324 1353 3390 duxit
1376 3325 1416 3390 ad
1440 3346 1531 3390 arma
1553 3324 1713 3410 Pelasgos

793 3428 957 3514 Pergama
980 3427 1202 3494 Dardanidum
1226 3427 1347 3495 vindex
1370 3430 1403 3494 in
1426 3429 1514 3496 bella
1536 3429 1701 3494 lacessens
1724 3466 1767 3476 -

793 3539 826 3598 et
849 3533 903 3619 qui
927 3531 1084 3598 Troianos
1107 3533 1226 3600 invasit
1248 3539 1345 3599 nocte
1368 3540 1477 3620 poeta,

721 3654 756 3712 20
792 3643 934 3703 armatos
957 3636 1033 3702 dum
1057 3637 1174 3703 elausit
1195 3659 1289 3724 equo,
1313 3639 1367 3724 qui
1390 3639 1520 3703 moenia
1543 3637 1660 3704 Troiae

792 3743 932 3830 perculit
955 3750 989 3808 et
1010 3741 1177 3807 Priamum
1201 3741 1326 3827 Pyrrho
1349 3741 1488 3808 feriente
1512 3743 1656 3807 necavit:

796 3848 930 3913 numina
953 3853 1063 3912 restra
1085 3867 1218 3927 vocans,
1242 3845 1398 3933 quidquid
1422 3847 1618 3933 contempsit
1639 3853 1775 3933 uterque

794 3939 937 4018 scribere
960 3951 1170 4038 Musagenes,
1194 3951 1255 4018 hoo
1270 3951 1352 4036 ,vilis
1377 3951 1495 4038 colligo
1519 3959 1621 4018 uates.

793 4058 949 4144 reliquias
972 4056 1114 4144 praedae
1136 4057 1252 4144 vulpes
1275 4077 1406 4143 sperare
1429 4059 1561 4122 leonum

723 4179 757 4234 25
796 4162 902 4228 laudis
925 4162 1062 4228 habent:
1086 4162 1243 4228 meruisse
1268 4163 1369 4245 eibos,
1392 4183 1471 4248 quos
1495 4166 1590 4249 pasta
1613 4165 1766 4228 recusant

792 4269 931 4350 uiscera,
955 4287 1036 4352 quos
1060 4266 1169 4332 rabies
1192 4267 1258 4332 iam
1281 4287 1345 4331 non
1369 4267 1479 4332 ieiuna
1502 4265 1635 4348 remisit,

793 4374 962 4438 exsultent
984 4370 1204 4457 praedamque
1226 4379 1344 4459 putant
1366 4371 1453 4436 nuda
1475 4393 1549 4437 ossa
1570 4371 1724 4438 ferentes.

794 4478 905 4542 Attica
927 4496 992 4540 vox
1014 4482 1058 4557 te,
1082 4482 1205 4559 sancte,
1227 4477 1326 4559 louet,
1349 4484 1382 4542 te
1404 4477 1519 4562 lingna
1540 4476 1659 4542 Latina

793 4579 1013 4646 commendat:
1043 4581 1191 4666 vulgate,
1225 4603 1353 4668 precor,
1387 4601 1470 4666 quae
1495 4601 1595 4646 eausa
1616 4586 1789 4646 nocentem

724 4701 758 4758 30
794 4687 871 4751 lecit
893 4685 1119 4750 Alexandrum
1144 4691 1239 4770 raptu
1264 4685 1421 4772 spoliaret
1442 4684 1609 4770 Amyclas.

497 4877 570 4933 vll}
596 4879 664 4930 ebali
680 4880 703 4929 ei
720 4879 795 4930 modo
812 4879 903 4943 ullum,
917 4886 983 4929 certe
1001 4878 1052 4930 duo
1062 4878 1156 4942 priora
1167 4877 1244 4928 verba
1254 4878 1368 4943 panaciam
1385 4895 1438 4928 aaa
1457 4885 1516 4928 aunt
1586 4876 1600 4928 l
1620 4877 1709 4929 laesae
1722 4877 1753 4934 N
1820 4876 1982 4946 2pastorulc
1994 4878 2050 4944 (sic,

394 4983 447 5018 noa
465 4965 505 5032 d)
524 4965 556 5015 N
618 4964 635 5017 3
654 4967 750 5017 maiora
768 4967 812 5016 uia
830 4965 947 5029 Ribbeck,
966 4965 1070 5016 meliors
1087 4965 1144 5032 lyra
1162 4964 1283 5015 Bc'tbreoa
1352 4961 1368 5014 6
1387 4965 1495 5031 pignera
1513 4981 1548 5014 aa
1566 4964 1674 5032 pignora
1686 4963 1780 5015 babeat
1791 4963 1824 5030 N,
1843 4965 1955 5015 discerni
1966 4966 2052 5030 nequit

430 5051 447 5103 8
464 5054 522 5116 Quo
534 5051 616 5104 Duae
690 5051 707 5103 9
725 5053 780 5104 sine
792 5052 854 5104 add.
868 5051 949 5103 Dalm
953 5070 962 5112 ,·
980 5069 1028 5104 orn.
1040 5051 1116 5103 notia
1130 5051 1225 5102 lacuna
1239 5051 1272 5111 Ν
1292 5068 1352 5118 prae
1365 5051 1427 5102 add.
1445 5049 1561 5102 Iacnelti
1636 5047 1669 5100 12
1687 5057 1713 5102 te
1726 5050 1758 5116 N,
1777 5059 1806 5108 tu
1820 5051 1942 5115 Iunrwlla',
1961 5049 2051 5114 Dubn,

396 5139 440 5190 des
459 5139 581 5191 Bttbrens
674 5136 709 5191 13
726 5139 833 5190 delimes
852 5138 886 5204 Ν,
904 5139 1000 5190 delibes
1019 5138 1143 5202 Ionnalli,
1162 5137 1288 5189 dslundas
1306 5137 1394 5201 ΒιιΙιιι,
1414 5137 1531 5189 delibans
1549 5136 1669 5187 Bttbreaa
1757 5137 1789 5189 16
1808 5138 1935 5204 praesenti
1954 5133 2014 5201 (sic)
2025 5136 2057 5186 Ν

431 5223 466 5277 20
477 5227 585 5278 Armato
598 5224 630 5290 N,
644 5243 711 5277 corr.
724 5226 851 5277 Brt'cbeler
919 5224 954 5277 ‘23
966 5242 1026 5277 case
1039 5224 1151 5275 cociaco
1164 5225 1311 5292 Musagetes
1380 5225 1478 5290 collego
1492 5223 1522 5274 N
1585 5221 1620 5275 30
1631 5224 1741 5291 spoliare
1750 5223 1783 5288 N,
1797 5232 1826 5276 ut
1837 5225 1958 5290 spoliaret
1972 5223 2052 5274 Dabo

501 5395 552 5450 154
570 5393 649 5450 Aldb.
665 5395 775 5463 bertust.
791 5401 845 5461 6,2
863 5393 984 5450 volitans
1002 5411 1086 5465 super
1103 5395 1191 5449 ardua
1209 5392 1307 5464 pennis
1396 5393 1445 5448 156
1465 5391 1693 5462 Lucret.5,1000
1710 5392 1791 5462 ponti
1812 5394 1815 5464 l
1835 5410 1958 5462 aequora

499 5515 600 5570 3800.
618 5515 674 5570 silc.
695 5523 719 5582 0,
740 5523 761 5583 1,
783 5523 809 5569 71
832 5514 946 5572 meliore
966 5515 1020 5571 via.
1056 5516 1158 5570 Arator
1174 5521 1197 5583 2,
1210 5523 1259 5570 941
1282 5514 1398 5569 attollor
1420 5513 1533 5568 meliore
1552 5513 1606 5569 via.
1642 5513 1713 5580 οισι
1728 5514 2051 5584 Oorr'pp.Iusl.1,3au·

396 5619 487 5694 spicio
508 5619 620 5677 meliore
639 5637 708 5677 carro
798 5621 830 5676 13
852 5621 920 5676 Hor.
932 5627 982 5677 act.
997 5627 1020 5686 2,
1033 5627 1056 5686 3,
1068 5627 1117 5675 274
1136 5619 1221 5675 balba
1240 5619 1305 5686 feris
1323 5618 1447 5676 animoso
1466 5619 1551 5675 verba
1570 5619 1667 5690 palato
