4568 6396
861 395 909 451 DE
926 395 1107 454 LAVDIBVS
1124 398 1186 454 DEI
1221 399 1234 454 I

635 589 770 674 protulit
791 589 959 674 inparibus
982 591 1136 657 membris
1159 613 1359 680 numeroque
1383 595 1543 684 modoque

564 691 613 759 (⁴⁶)
635 698 669 757 et
691 703 790 780 pavet
812 695 928 759 infelix
951 696 1050 761 enixe
1070 717 1233 784 puerpera
1254 706 1378 766 netum.

565 797 614 867 (⁴⁷)
635 797 694 863 ‘sic
717 804 854 885 peccate
876 805 993 887 parent
1015 800 1178 868 horrende
1200 803 1233 867 in
1256 805 1405 889 germine
1426 803 1559 893 pertue’.

633 909 710 969 ente
734 924 810 969 suos
833 909 924 969 ortus
947 904 1025 990 quid
1046 907 1111 970 iem
1135 914 1329 994 peccaverat
1351 910 1482 976 iniens?

374 1011 376 1014 ’
495 1005 531 1062 50
632 1003 710 1074 ‘non
732 1007 794 1074 fuit
815 1009 946 1074 infantis
969 1009 1106 1092 lacinus,
1130 1012 1188 1077 sed
1213 1010 1324 1098 <flente
1348 1019 1520 1101 petentum

632 1119 841 1199 noxaoaput
863 1113 1019 1199 sequitur,
1041 1135 1181 1201 poenam
1203 1117 1292 1203 oepit
1314 1124 1391 1184 ente
1415 1117 1563 1184 reatum.³

563 1217 611 1285 (⁵⁰)
633 1217 711 1304 qnid
732 1217 813 1299 sera,
836 1218 913 1303 quid
936 1218 1091 1305 pecudes,
1115 1219 1192 1306 quid
1215 1242 1395 1308 peccavere
1418 1224 1589 1289 volucres?

633 1321 711 1407 quid
734 1321 871 1405 ceelum,
894 1323 972 1409 quid
994 1329 1084 1389 terra
1105 1325 1211 1411 polus,
1235 1325 1312 1412 qnid
1335 1333 1455 1412 pontus
1479 1333 1513 1393 et
1535 1333 1645 1393 estre?

634 1426 710 1513 quid
734 1427 812 1492 solis
836 1426 930 1510 redii,
953 1428 1031 1514 quid
1053 1429 1152 1494 lunee
1174 1429 1312 1516 frigidus
1336 1430 1443 1496 orbis?

495 1528 530 1584 55
633 1551 742 1598 nonne
764 1532 945 1617 fatigantur
966 1531 1081 1598 dentes
1104 1554 1163 1620 per
1184 1539 1332 1620 tempore
1353 1536 1465 1621 signet

633 1655 708 1699 uem
731 1641 869 1701 venture
891 1643 1001 1702 monet
1023 1659 1083 1724 per
1105 1641 1154 1702 tot
1176 1637 1350 1724 praesagis
1373 1659 1506 1705 somnus

565 1739 611 1807 (⁵⁵)
635 1738 782 1824 proditor
804 1746 839 1805 et
861 1739 938 1826 quid
961 1741 1004 1805 sit
1026 1747 1100 1828 post
1121 1746 1271 1828 tempore
1294 1747 1386 1808 certe
1407 1743 1552 1809 futurum

495 1841 529 1898 59
563 1842 610 1912 (0)
633 1842 783 1930 quodque
805 1843 945 1910 hominis
969 1845 1055 1910 mele
1077 1845 1188 1931 lingue
1210 1851 1308 1928 tecet,
1332 1846 1402 1912 iere
1423 1847 1522 1912 belus
1544 1849 1643 1934 piscis

494 1945 529 2002 58
564 1947 611 2015 (⁵⁶)
636 1949 786 2035 cornipes
809 1948 937 2032 effatur,
960 1949 1105 2036 pecudes
1128 1951 1343 2037 volucresque
1366 1951 1553 2038 loquuntur:

494 2050 529 2108 50
564 2053 612 2118 (⁵⁸)
636 2050 821 2138 despiciunt
843 2053 965 2140 proprii
988 2053 1119 2139 generis
1144 2075 1274 2120 servare
1297 2056 1432 2141 figures,

633 2164 747 2223 contre
768 2165 918 2224 usturam
942 2158 1018 2223 dum
1040 2160 1150 2246 turpia
1172 2160 1319 2226 membre
1341 2159 1514 2228 rebellent.

564 2263 611 2333 (⁶⁰)
636 2283 711 2327 nem
734 2263 833 2327 micet
855 2262 942 2328 unde
964 2263 1040 2349 polo
1063 2264 1200 2329 veniens
1223 2263 1418 2350 quicumque
1442 2271 1597 2348 cometes,

632 2367 709 2432 hinc
731 2372 855 2433 mstres
879 2371 913 2432 et
934 2373 1081 2433 monstra
1103 2373 1227 2449 creent,
1248 2368 1324 2433 binc
1346 2367 1435 2434 unde
1458 2389 1592 2435 cruores

632 2471 735 2537 inficit
758 2477 792 2536 et
815 2471 937 2558 spumis
959 2471 1168 2537 rubicundior
1191 2473 1305 2539 elneus
1329 2473 1410 2556 exit,

494 2577 529 2631 65
632 2577 708 2641 hinc
731 2574 853 2641 celides
876 2576 960 2662 pluit
982 2575 1088 2642 imber
1109 2597 1212 2662 eques
1236 2582 1270 2643 et
1292 2575 1420 2642 roscida
1442 2576 1540 2642 tellus

634 2679 794 2764 sanguine
817 2679 973 2764 puniceus
997 2680 1096 2766 spicis
1119 2679 1270 2767 producit
1291 2681 1408 2746 cristes

583 2797 609 2836 ⁶⁵
632 2789 666 2848 et
687 2783 774 2850 viole
797 2788 847 2848 est
870 2785 1008 2850 mentite
1029 2806 1138 2850 rosem
1160 2785 1286 2872 pellore
1309 2785 1434 2871 lugeto,

633 2893 667 2953 et
689 2887 789 2953 rubor
810 2887 926 2952 inielix
949 2893 983 2953 et
1005 2887 1143 2954 candide
1165 2889 1233 2954 lilia
1255 2890 1365 2955 tinxit.

512 2991 514 2994 ’
632 2993 731 3059 tertie
753 3014 822 3058 sors
844 2991 946 3058 Erebi
969 2999 1077 3059 terres
1100 2995 1282 3083 prorumpit
1303 2993 1394 3059 hietu

495 3096 530 3153 70
634 3101 668 3163 et
689 3096 785 3162 discit
807 3096 953 3184 perterre
977 3096 1074 3181 diem,
1097 3098 1220 3164 violere
1244 3119 1397 3164 serenum

633 3200 732 3265 sudet
754 3206 787 3264 et
809 3221 997 3286 exsangues
1020 3200 1111 3267 ceelo
1133 3200 1315 3287 producere
1338 3223 1453 3269 menes

564 3306 610 3372 (¹⁰)
634 3303 743 3369 vivida
764 3304 908 3370 funereis
930 3303 1115 3370 admiscens
1139 3327 1205 3387 ore,
1230 3307 1367 3393 sepultis

631 3408 781 3494 pestibus
803 3407 987 3474 Herculeos
1010 3408 1130 3474 mundo
1152 3410 1290 3474 mentite
1311 3411 1448 3490 furores,

633 3533 706 3577 cum
729 3513 823 3598 niger
844 3511 1033 3577 umbrarum
1056 3513 1190 3578 veniens
1214 3515 1379 3579 exercitus
1404 3514 1516 3580 orbem

494 3617 529 3672 75
632 3616 757 3703 appetit
778 3615 937 3682 invadens
960 3637 1024 3680 non
1048 3616 1181 3682 humide
1203 3623 1353 3703 tempore
1376 3618 1483 3683 lunse.

630 3719 759 3785 euditur
780 3720 906 3806 mugire
929 3721 1044 3804 solum,
1067 3721 1208 3806 solisque
1231 3721 1383 3787 tenebras

562 3824 610 3894 (0)
633 3825 704 3910 quis
727 3830 828 3910 neget
850 3830 885 3889 et
908 3825 1022 3890 stelles
1045 3825 1152 3890 elieno
1175 3832 1323 3914 tempore
1347 3826 1447 3908 visas,

632 3929 819 3995 caeruleum
842 3929 967 4016 pallore
990 3929 1076 3995 diem
1098 3949 1272 3996 roseumve
1296 3931 1405 3996 colore

220 4090 633 4102 -—.—-—-——

219 4196 248 4247 ia
267 4195 302 4248 0.·
320 4193 363 4250 62.
382 4193 423 4248 71.
442 4191 553 4248 74-77.

278 4317 287 4342 Ι

322 4365 357 4420 48
374 4376 397 4420 et
414 4365 515 4420 50-57
536 4365 715 4418 adversm
732 4365 809 4418 aliter
826 4365 928 4416 indrmit
945 4373 969 4417 et
986 4365 1106 4418 horrendi
1124 4365 1242 4431 germine
1255 4365 1315 4432 lepit
1332 4365 1421 4431 Meyer
1508 4363 1543 4415 52
1561 4369 1620 4430 peto
1638 4363 1682 4414 des
1700 4361 1733 4424 B,
1750 4378 1818 4412 corr.
1831 4359 1875 4410 Μ’

254 4454 288 4508 56
306 4455 443 4523 praesagis
459 4470 554 4506 corvus
573 4453 687 4505 Areualo
778 4451 812 4506 59
830 4469 913 4520 preces
931 4451 964 4515 B,
982 4452 1083 4504 corrui
1100 4460 1124 4504 et
1141 4449 1175 4503 58
1192 4460 1216 4503 et
1227 4451 1261 4504 59
1279 4450 1362 4503 loatm
1379 4451 1446 4503 ieter
1464 4467 1490 4502 se
1508 4457 1608 4501 mutare
1625 4449 1688 4500 iussi
1774 4445 1808 4498 56
1827 4445 1874 4510 (et)

218 4539 325 4608 Μαι)
343 4540 391 4605 13¹,
408 4537 543 4607 (elusum)
562 4539 607 4602 13¹,
626 4540 719 4592 edetur
737 4539 772 4589 11²
843 4541 933 4590 cornix
952 4540 1045 4591 effatur
1063 4539 1176 4591 Arenata
1252 4537 1286 4589 62
1304 4537 1400 4589 uoloo
1466 4539 1571 4589 comites
1584 4536 1609 4587 Β
1695 4531 1729 4586 64
1747 4535 1837 4586 elbeus
1850 4533 1875 4584 B

252 4627 287 4681 65
308 4626 406 4699 calrdbs
424 4627 450 4678 B
553 4625 587 4678 66
605 4624 748 4694 p(rclducrs
766 4627 799 4690 B,
821 4643 889 4678 carr.
905 4625 938 4676 Μ
1040 4624 1074 4676 68
1091 4627 1130 4677 Ac
1148 4624 1181 4689 B,
1205 4624 1308 4677 carreni
1412 4621 1447 4675 70
1464 4621 1594 4690 p(er)serri
1611 4621 1658 4686 13¹,
1677 4639 1745 4674 carr.
1767 4620 1806 4671 B¹

218 4713 250 4767 'll
270 4731 404 4782 exangues
424 4713 456 4778 0,
479 4729 625 4781 exsengues
642 4712 668 4763 B
736 4712 872 4764 muneeO
964 4709 997 4762 ‘14
1017 4713 1166 4764 umbrarum
1190 4729 1207 4764 s
1229 4713 1299 4764 sexis
1317 4711 1423 4764 veniens
1449 4711 1472 4762 0
1528 4710 1590 4762 orbe
1608 4709 1633 4760 B
1729 4705 1763 4760 75
1780 4709 1875 4760 lNfinrt

217 4800 388 4854 inuadensG
437 4807 552 4868 tempore
568 4797 719 4851 brumeeO
790 4795 824 4850 76
840 4799 959 4851 auditum
978 4799 1092 4852 Arcucis
1144 4799 1240 4867 pallere
1258 4799 1352 4864 Per'per
1425 4795 1459 4850 78
1476 4793 1608 4864 colore(m)
1626 4795 1661 4860 B,
1678 4813 1746 4848 corr.
1760 4793 1874 4848 Areualo

320 5041 355 5096 46
376 5040 483 5096 heae.
500 5049 523 5108 1,
539 5047 587 5096 588
608 5038 812 5110 monstrosique
841 5038 985 5096 hominum
1009 5043 1106 5110 pertus
1130 5057 1301 5109 numeroque
1327 5039 1465 5108 modoque
1491 5037 1678 5094 membrorum
1699 5039 1874 5106 metremque

218 5163 283 5200 snus
301 5144 456 5201 conterruit
473 5143 576 5200 iniens.
610 5145 645 5212 cs.
660 5143 800 5199 Claudia
810 5145 893 5200 Eatn
906 5153 952 5213 r,1
970 5145 1111 5201 semiferos
1124 5147 1222 5215 pertus
1233 5144 1439 5214 metuendoque
1452 5141 1572 5214 pignore
1589 5140 1682 5198 metri.
1695 5139 1778 5195 Antis
1790 5146 1876 5207 2247

218 5248 369 5306 concubitu
392 5248 470 5319 turpi
491 5253 645 5305 monstrum
668 5248 807 5321 periture,
832 5249 978 5306 biformem
1000 5266 1083 5319 quem
1107 5253 1197 5306 meter
1221 5249 1284 5320 ipse
1301 5267 1381 5304 suum
1398 5248 1500 5304 timeat
1518 5247 1680 5318 contingere
1698 5249 1796 5302 netum

218 5355 252 5411 58
270 5354 399 5425 cornipes
416 5372 438 5408 a.
452 5353 526 5409 Ptin.
545 5360 602 5409 nat.
615 5360 697 5422 8,161
811 5355 845 5410 59
861 5353 938 5410 mele
954 5354 989 5421 cs.
1003 5365 1026 5423 1,
1039 5361 1101 5410 490.
1119 5360 1143 5422 3,
1155 5360 1214 5409 888.
1233 5358 1282 5409 eat.
1296 5362 1331 5408 44
1445 5353 1480 5409 62
1497 5352 1571 5407 unde
1590 5356 1615 5406 et
1633 5352 1667 5407 66
1685 5350 1751 5406 hinc
1768 5349 1873 5406 causali

217 5457 244 5512 ci
260 5459 348 5527 accipe
433 5456 464 5512 de
480 5474 510 5513 rc
527 5474 550 5513 u.
568 5458 668 5514 Manli.
687 5468 710 5527 1,
722 5465 772 5514 892
785 5474 838 5528 sqq.
857 5457 920 5514 Sca.
935 5463 991 5514 aret.
1013 5467 1034 5527 7,
1050 5466 1087 5527 17,
1099 5465 1123 5514 3.
1147 5457 1221 5528 Verp.
1238 5473 1319 5528 peorp.
1333 5465 1355 5526 1,
1370 5463 1424 5514 488
1531 5457 1566 5514 63
1582 5456 1617 5523 cf.
1633 5455 1684 5511 Gla
1701 5454 1753 5510 div.
1767 5464 1789 5521 1,
1803 5461 1839 5510 98

218 5561 253 5618 72
272 5560 366 5617 maed.
378 5567 421 5630 35,
433 5568 481 5617 221
498 5561 568 5632 quid
585 5561 651 5618 vive
668 5563 787 5633 sepultis
805 5562 961 5618 admisces?
979 5567 1015 5632 cs.
1032 5561 1137 5632 Ocripp.
1150 5561 1205 5616 Iob.
1217 5567 1242 5630 3,
1253 5567 1305 5617 347
1314 5578 1368 5630 sqq.
1468 5563 1502 5617 ’75
1519 5577 1576 5615 noe
1593 5564 1674 5615 aecta
1690 5558 1736 5615 scd
1752 5558 1873 5614 interdiu

253 5666 287 5721 76
310 5664 385 5735 Verp.
397 5665 466 5721 Aca.
478 5673 503 5735 8,
514 5673 568 5722 266
584 5667 694 5737 mugire
712 5667 801 5722 solum
819 5667 855 5734 cs.
869 5667 974 5723 Laecae.
987 5673 1012 5736 3,
1023 5675 1072 5724 418
1176 5665 1210 5722 78
1229 5665 1320 5723 colore
1337 5665 1391 5721 scil.
1408 5667 1560 5738 sanguineo

321 5775 484 5827 Semnones
501 5776 692 5836 sermenem
704 5777 766 5827 xlv
779 5774 802 5828 1.
1648 5767 1665 5821 4
