4554 6396
900 379 1103 437 DRACON'I'II
1138 377 1186 435 Du
1206 377 1388 436 LAVDIBVS
1406 377 1469 434 bul
1505 377 1533 433 11

654 574 704 631 185
734 575 794 644 (ιιι)
813 563 847 624 et
869 559 961 643 quasi
985 558 1040 644 qui
1062 555 1165 623 debes
1187 558 1233 623 sie
1256 558 1417 642 omnibus¹
1430 557 1539 622 omnia
1561 554 1682 622 reddis.

808 661 941 728 esttibi
965 681 1052 740 oure,
1075 660 1167 742 deus,
1191 660 1232 726 de
1256 661 1411 748 quidquid
1434 661 1555 747 ubique
1579 660 1713 735 creasti;

807 786 850 831 ne
872 771 999 831 tantum
1021 764 1212 830 succumbat
1233 785 1326 853 opus,
1351 771 1417 831 stat
1439 786 1518 831 cura
1540 765 1701 830 minorum

808 875 842 935 ct
864 870 1008 955 speciale
1029 869 1124 936 iubes
1147 875 1214 934 tam
1238 890 1335 956 quam
1359 869 1513 956 generale
1536 869 1631 935 tueri.

808 974 855 1039 sic
877 973 914 1038 fit
936 973 1192 1058 materhumus,
1214 993 1279 1060 que
1301 974 1451 1060 germina
1473 980 1591 1039 cuneta
1613 979 1773 1052 creantur,

653 1094 704 1152 190
732 1093 794 1163 (res)
813 1079 859 1143 eie
882 1097 972 1143 mara
995 1077 1170 1144 velivolum
1192 1084 1354 1144 mercator
1376 1083 1476 1144 nauta
1498 1083 1637 1164 vagatur

806 1183 1024 1268 telluremque
1047 1202 1165 1248 novam
1188 1183 1409 1268 circumspicit
1431 1183 1572 1269 impiger
1594 1181 1716 1269 hospes

807 1292 841 1354 et
863 1287 1054 1374 complexus
1078 1292 1166 1352 amat
1188 1307 1253 1352 non
1277 1287 1425 1373 cognitus
1448 1285 1578 1352 advena
1601 1287 1688 1351 cives

806 1390 941 1458 foedere
966 1389 1128 1471 concordi,
1152 1391 1229 1477 quia
1252 1390 1312 1474 vis,
1336 1391 1501 1456 elementa
1522 1395 1676 1456 tenentur

807 1501 875 1560 tam
898 1496 997 1581 longa
1021 1515 1148 1561 conexa
1171 1515 1272 1575 mora,
1296 1495 1343 1559 sic
1365 1495 1477 1559 iuncta
1498 1494 1651 1580 ligantur,

654 1616 703 1672 195
733 1616 793 1684 (reo)
811 1604 848 1664 ut
870 1598 1032 1665 disiuncta
1054 1606 1166 1665 tamen
1189 1597 1342 1664 concordi
1364 1599 1422 1664 lite
1444 1599 1632 1685 probentur.

806 1705 834 1768 si
857 1703 1021 1769 disiuncta
1042 1703 1132 1786 finnt,
1156 1704 1303 1768 solvetur
1323 1703 1475 1768 machina
1494 1721 1612 1784 rerum,

807 1808 835 1872 si
857 1809 1031 1873 coniuncta
1053 1808 1170 1889 iorent,
1195 1809 1300 1873 omnis
1323 1813 1442 1873 natura
1463 1809 1597 1894 periret.

806 1919 852 1993 tu,
876 1911 957 1977 deus
982 1912 1196 1997 omnipotens,
1220 1912 1313 1992 nosti,
1337 1911 1422 1997 quod
1444 1911 1562 1977 iecoris
1585 1911 1696 1977 orbem

729 2033 788 2102 (sss)
807 2017 940 2100 semine,
963 2036 1027 2102 quo
1051 2016 1171 2096 caelos,
1194 2017 1295 2081 solem
1317 2015 1493 2101 lunamque
1517 2017 1636 2081 creasti

650 2138 702 2195 200
731 2137 788 2207 (-)
806 2121 859 2186 vel
882 2121 965 2186 caeli
988 2141 1211 2206 quaecumque
1234 2126 1363 2206 gerunt,
1386 2118 1474 2186 unde
1498 2141 1573 2186 csse
1596 2119 1714 2185 dedisti

731 2241 791 2310 (rae)
810 2245 852 2290 ex
874 2225 975 2289 nihilo
998 2225 1108 2302 simul;
1132 2245 1206 2292 esse
1230 2231 1340 2291 tamen
1364 2224 1496 2290 diversa
1519 2231 1683 2311 putamus.

806 2329 847 2395 ad
870 2329 1009 2394 nihilum
1032 2329 1177 2394 reditura
1199 2330 1317 2394 iterum
1341 2335 1416 2394 sunt
1439 2329 1556 2410 omnia,
1581 2351 1654 2394 oum
1677 2335 1713 2395 tu

805 2433 941 2499 iusseris
964 2453 1039 2498 esse
1062 2432 1174 2514 chaos,
1197 2435 1287 2498 solus
1310 2453 1465 2498 mansure
1489 2439 1669 2520 superstes,

806 2537 973 2622 angelicas
996 2537 1187 2623 animasque
1210 2538 1231 2619 †
1254 2537 1321 2602 suis
1345 2535 1510 2602 adorande
1534 2538 1683 2604 catervis.

650 2657 701 2715 205
806 2641 946 2727 qualiter
969 2660 1046 2726 ergo
1068 2640 1163 2707 labor
1184 2641 1293 2706 nullus
1316 2639 1377 2705 luit
1400 2647 1476 2707 ante
1500 2641 1653 2726 iubendo,

731 2762 792 2830 (ιω)
811 2745 919 2810 omnia
942 2765 1015 2810 oum
1038 2745 1164 2826 fierent,
1188 2745 1234 2809 eie
1257 2765 1319 2810 neo
1342 2743 1435 2810 labor
1456 2745 1542 2810 ullus
1565 2746 1627 2810 erit
1649 2747 1724 2828 iam,

806 2849 942 2914 iusseris
965 2855 1003 2913 ut
1024 2848 1133 2932 finem,
1158 2869 1230 2914 oum
1254 2847 1395 2935 plurima
1418 2849 1551 2914 saecula
1572 2850 1691 2916 norint.

805 2959 839 3018 te
857 2952 1021 3039 seraphim
1037 2952 1271 3038 cherubimque
1294 2951 1391 3018 deum
1408 2953 1638 3040 dominumque
1654 2959 1839 3039 precantur,

805 3062 839 3122 te
862 3057 980 3122 chorus
1004 3057 1182 3142 angelicus,
1206 3055 1343 3122 laudans
1368 3058 1530 3122 exercitus
1555 3064 1637 3138 orat,

651 3179 703 3236 210
807 3161 943 3226 thronus
966 3166 1000 3225 et
1021 3161 1189 3226 incessens
1212 3159 1328 3224 humili
1351 3165 1384 3226 te
1407 3181 1488 3226 voce
1509 3167 1677 3247 precatum

732 3281 793 3350 (sos)
812 3265 943 3350 agmina
965 3269 999 3330 te
1023 3270 1193 3346 astrorum,
1217 3269 1250 3330 te
1274 3264 1366 3348 signa
1388 3270 1422 3329 et
1444 3264 1553 3331 sidera
1574 3265 1710 3332 laudant

807 3375 974 3434 auctorem
1000 3366 1151 3434 contessa
1174 3389 1279 3449 suum,
1303 3375 1336 3433 te
1361 3367 1485 3433 fulmen
1508 3368 1634 3450 adorat,

805 3479 839 3538 te
863 3471 1003 3537 tonitrus
1027 3472 1219 3558 hiemesque
1242 3477 1397 3551 tremunt,
1422 3479 1455 3537 te
1478 3472 1602 3558 grando
1625 3473 1801 3560 procellae,

682 3659 683 3662 Ἴ
804 3583 838 3644 te
861 3576 985 3662 glacies
1009 3576 1175 3662 nimbique
1197 3581 1327 3662 pavent,
1350 3581 1384 3641 te
1407 3576 1540 3663 spiritus
1564 3577 1669 3642 omnis

649 3700 701 3756 215
804 3685 973 3768 personat,
995 3679 1102 3745 imber
1124 3677 1230 3745 hiems
1253 3679 1391 3766 pelagus
1414 3681 1472 3744 nix
1494 3680 1597 3766 frigus
1621 3687 1655 3746 et
1676 3687 1796 3748 aestas.

727 3801 791 3872 (ιιι)
809 3791 842 3851 te
866 3784 965 3850 tellus
987 3781 1128 3848 fecunda
1150 3788 1257 3866 vocat,
1281 3790 1314 3850 te
1339 3784 1475 3870 suspicit
1498 3805 1565 3866 aer,

804 3887 893 3953 unda
914 3908 1012 3974 super
1034 3887 1144 3952 caelos
1167 3887 1228 3952 tibi
1253 3887 1415 3973 supplicet
1438 3893 1471 3952 et
1493 3887 1727 3974 polus'omnis,

804 3993 939 4057 flumina
961 3997 994 4056 te
1016 3996 1176 4072 metuunt,
1200 3996 1231 4055 te
1255 3989 1360 4056 tontes
1384 3997 1502 4078 stagna
1524 3992 1662 4078 paludes

801 4117 882 4162 voce
906 4116 966 4162 sua
988 4094 1133 4176 laudant,
1156 4102 1189 4160 te
1212 4094 1326 4160 nubila
1349 4116 1458 4160 crassa
1480 4103 1663 4180 coruscant,

648 4219 700 4276 220
803 4207 836 4267 te
859 4200 918 4265 lux
940 4199 1015 4265 alba
1037 4198 1118 4284 dies,
1141 4205 1174 4265 te
1198 4221 1266 4266 nox
1289 4199 1430 4266 obscura
1452 4199 1608 4282 tenebris,

728 4311 840 4394 (21⁵)te
862 4305 950 4369 bona
971 4304 1160 4391 temperies,
1183 4309 1216 4368 te
1238 4310 1388 4390 tempora
1411 4311 1532 4370 cuncta
1553 4311 1738 4391 precantur,

803 4429 861 4474 ver
883 4414 992 4474 aestas
1016 4413 1190 4472 autumnus
1214 4406 1320 4473 hiems
1343 4407 1558 4474 redeuntibus
1582 4409 1689 4475 annis.

803 4534 863 4600 per
885 4517 918 4578 te
941 4511 1024 4578 latet
1047 4510 1173 4593 humus,
1197 4531 1257 4597 per
1279 4517 1322 4594 te,
1346 4509 1437 4593 deus,
1462 4511 1564 4578 herba
1587 4513 1727 4596 virescit,

388 4675 418 4729 u
439 4675 587 4730 ores-9.
605 4674 659 4730 eor
676 4675 729 4744 (aa
746 4675 821 4743 evm
839 4673 906 4724 rae
923 4667 975 4724 arv
993 4679 1018 4722 a
1033 4667 1106 4735 are).
1126 4667 1256 4723 eoa-14.
1273 4667 1384 4722 ars-a.
1403 4667 1507 4722 aar-3
1611 4670 1639 4723 a
1657 4670 1683 4722 A
1700 4669 1837 4726 sos-ear

493 4771 545 4826 185
562 4773 639 4826 debet
657 4771 772 4824 Arcaalo
842 4767 892 4822 186
907 4767 1032 4834 quidquid
1050 4766 1107 4828 Μ’,
1125 4765 1187 4832 quid
1204 4767 1274 4832 quod
1292 4765 1368 4816 ΒΜι
1457 4763 1505 4818 187
1525 4769 1578 4820 Noc
1596 4767 1628 4831 B,
1647 4785 1714 4821 corr.
1729 4768 1776 4819 Μ*
1846 4786 1912 4822 onus
1930 4768 2044 4821 Areoolo

424 4848 476 4903 188
487 4859 619 4918 tamquam
631 4849 664 4914 B,
683 4849 808 4915 discewsi
878 4845 928 4898 189
940 4847 983 4898 Sic
995 4843 1086 4908 eitB¹,
1100 4862 1167 4896 corr.
1180 4844 1218 4894 B'
1290 4841 1339 4895 192
1351 4845 1468 4911 cognitos
1480 4845 1513 4909 B,
1522 4862 1588 4898 corr.
1602 4845 1636 4895 M
1640 4845 1651 4877 ¹
1722 4845 1771 4899 106
1784 4847 1849 4899 fiant
1860 4848 1889 4912 13,
1902 4847 2044 4898 ἰοιοιιῑΜι

427 4927 478 4980 198
491 4947 528 4996 sq.
548 4930 584 4981 cic
602 4929 676 4981 habet
691 4928 725 4981 0:
742 4929 784 4979 Tu
801 4925 1038 4992 deusomnipotens
1056 4925 1127 4976 solue
1144 4924 1189 4990 qui
1207 4931 1303 4975 cuncta
1321 4924 1413 4975 measti
1483 4924 1574 4990 q(no)d
1585 4923 1618 4986 B,
1638 4940 1689 4990 qno
1707 4924 1822 4976 Areroto
1891 4921 1944 4976 200
1955 4942 2004 4976 om.
2022 4924 2047 4974 U

423 5003 475 5058 202
492 5008 607 5060 reditura
628 5014 690 5058 sunt
711 5005 799 5058 omnia
822 5005 915 5056 iterum
939 5018 998 5054 cum
1016 5009 1046 5054 tu
1068 5001 1102 5065 B,
1131 5018 1200 5052 corr.
1220 4999 1268 5051 Μ’
1355 4998 1407 5052 204
1428 5001 1464 5052 sic
1481 5001 1521 5062 B,·
1542 5002 1674 5069 Argolicis
1692 5004 1837 5068 animisque
1855 5003 1903 5070 piis
1920 5003 2044 5054 adorante

389 5087 500 5137 ceteruia
513 5083 541 5148 0,
560 5085 693 5152 Argolicis
705 5071 890 5148 hominumque
907 5081 957 5150 piis
975 5081 1106 5133 adorande
1117 5080 1227 5132 catervis
1240 5078 1368 5140 Arcoolo,·
1386 5079 1506 5146 temptavi
1517 5079 1598 5144 subis,
1617 5079 1745 5132 Bdcbeler
1757 5097 1834 5148 super
1903 5077 1955 5130 208
1973 5097 2043 5132 sera-

388 5163 451 5229 phin
469 5163 646 5230 cherubinque
664 5161 690 5214 B
766 5163 804 5213 'Pe
822 5159 955 5212 cherubim
974 5159 1103 5226 seraphim
1120 5159 1303 5224 dominumque
1321 5159 1449 5223 deumque
1468 5157 1519 5209 AO
1593 5156 1645 5209 209
1663 5159 1774 5226 angelici
1793 5158 1817 5208 A
1888 5159 1996 5209 laudans
2015 5158 2043 5222 0,

387 5241 495 5292 laudant
512 5240 565 5290 AB
650 5237 704 5292 210
720 5241 821 5292 Pronus
839 5245 866 5290 ct
882 5239 1013 5290 incessens
1032 5235 1088 5302 AO,
1112 5237 1233 5288 Thronus
1257 5238 1422 5288 inexoeesans
1438 5234 1465 5286 B
1533 5235 1679 5288 humilitate
1695 5231 1804 5289 uoceO
1870 5245 1992 5303 precatur
2009 5235 2044 5299 A,

387 5325 529 5384 precantur
549 5317 595 5368 OB
681 5315 733 5369 212
757 5319 854 5368 tlumen
872 5315 897 5366 A
984 5313 1036 5366 210
1053 5316 1203 5383 hiempsque
1221 5313 1246 5364 A
1316 5315 1445 5366 tonitruus
1467 5314 1567 5381 hiemps
1591 5321 1705 5368 hamunt
1728 5313 1751 5365 0
1834 5311 1887 5366 214
1908 5314 1999 5380 glaties
2017 5332 2043 5366 n.

388 5398 494 5448 fauente
511 5395 662 5464 spiritosO
743 5392 795 5448 215
815 5399 962 5460 utsupra,
987 5401 1014 5443 at
1031 5393 1115 5460 frigus
1132 5399 1158 5445 et
1174 5389 1267 5460 ast(ra)
1285 5392 1318 5455 Β,
1340 5393 1455 5444 Persona
1476 5392 1587 5445 thimbcr
1611 5401 1636 5445 et
1653 5399 1737 5446 cesus
1755 5392 1855 5460 hiemps
1872 5393 1980 5460 pelagus
1998 5393 2044 5444 nix

388 5474 472 5540 frigus
494 5472 520 5523 A
606 5470 658 5525 216
676 5473 784 5540 suspicit
800 5472 839 5536 B,
868 5473 974 5539 suscipit
993 5471 1031 5536 A,
1058 5470 1207 5522 suscitato
1289 5469 1340 5522 217
1366 5471 1439 5522 Unde
1466 5469 1490 5520 A
1577 5469 1630 5522 218
1651 5478 1772 5524 metuunt
1797 5473 1881 5523 sontes
1899 5477 2043 5538 stagnaque

389 5551 500 5618 paludes
520 5547 542 5601 0
626 5549 679 5604 220
696 5551 737 5602 die
756 5549 867 5602 Slavteclr
953 5547 1003 5600 221
1022 5557 1048 5600 ct
1065 5547 1222 5617 temporati

494 5686 544 5742 100
567 5685 914 5755 repraesumere
933 5683 1084 5741 velivolum
1172 5683 1222 5740 199
1240 5683 1345 5740 semine
1364 5682 1463 5754 codem
1481 5700 1550 5753 qu0;
1568 5699 1633 5737 uam
1651 5681 1745 5738 orbem
1762 5679 1826 5736 dicit
1844 5685 1943 5736 terram
