4590 6390
1115 393 1319 450 DRACONTII

787 571 918 637 Aoocus
941 570 1107 652 inridiem,
1131 591 1227 637 eorus
1249 576 1412 637 tormonte
1433 569 1605 636 Patroclus

789 677 927 741 sustinet
950 681 983 740 et
1006 676 1103 740 vestri
1127 696 1249 763 poenes
1271 676 1332 740 luit
1353 675 1409 742 ille
1432 675 1563 742 doloris.

788 781 841 847 rel
864 779 1005 846 medium
1029 779 1170 862 Priemo,
1195 800 1368 866 generose,
1391 779 1529 846 refunde
1552 780 1708 856 cederem

787 905 863 951 nem
885 891 1012 972 pertem
1035 889 1182 951 trecture
1205 891 1303 950 tenet.
1349 885 1377 949 ei
1400 884 1537 951 reddere
1561 905 1680 972 corpus

612 1075 615 1080 Ι
703 1007 753 1064 150
788 995 822 1056 et
844 989 972 1055 leeeros
996 995 1088 1054 ortus
1112 994 1237 1076 tempte
1259 990 1382 1076 pietete
1405 989 1551 1076 negabis,

788 1095 878 1161 exiet
901 1093 1132 1160 Andromache
1156 1114 1270 1160 socero
1294 1095 1468 1160 comitante
1491 1115 1552 1182 per
1573 1113 1670 1180 egros

787 1198 994 1285 Astyenecte
1016 1198 1159 1281 trahens,
1184 1219 1249 1286 quo
1271 1199 1396 1264 tristior
1418 1199 1524 1266 orbito
1546 1204 1714 1282 monstret,

791 1309 825 1368 et
848 1303 939 1389 leget
961 1303 1076 1370 infelix
1100 1302 1239 1390 dispersi
1261 1303 1409 1369 membre
1432 1303 1549 1383 meriti,

790 1407 945 1495 uepribus
970 1414 1003 1473 et
1025 1406 1143 1473 mediis
1166 1428 1280 1495 rupem
1305 1408 1477 1494 complexe
1500 1413 1669 1476 eruentem

704 1529 753 1584 155
790 1512 903 1580 osculo
925 1512 993 1577 fixe
1015 1511 1108 1579 debit
1130 1511 1241 1576 dicens
1264 1512 1305 1578 de
1329 1533 1409 1598 rupe
1433 1512 1600 1589 meritum;
1644 1505 1645 1508 '

788 1617 821 1681 in
845 1637 910 1704 que
932 1616 1065 1701 sanguis
1087 1617 1159 1697 erit,
1182 1637 1297 1703 rupem
1320 1622 1415 1683 vocet
1437 1615 1583 1683 Hectore
1605 1618 1723 1683 coniux

789 1727 822 1786 et
844 1741 981 1807 puerum
1005 1719 1192 1786 miserande
1214 1721 1320 1804 docet,
1343 1743 1385 1788 ne
1409 1721 1516 1788 calcet
1538 1721 1690 1804 herenee,

789 1825 903 1891 infecit
925 1845 1006 1912 ques
1030 1824 1113 1890 forte
1138 1845 1246 1902 oruor;
1270 1825 1464 1913 tardumque
1488 1847 1547 1912 per
1568 1826 1666 1892 horse

789 1935 961 2015 exspectet
984 1949 1144 2010 socerum,
1169 1928 1226 1994 sed
1250 1949 1313 1994 non
1336 1936 1443 1996 vecet:
1468 1931 1622 2018 exprimit
1644 1930 1773 2012 herbas,

704 2049 755 2108 160
791 2055 872 2120 ques
896 2033 1047 2099 rubuisse
1071 2033 1172 2108 ridet;
1195 2033 1257 2100 hoc
1280 2036 1349 2099 neti
1372 2034 1515 2100 vultibus
1539 2035 1642 2119 eddit,

788 2145 825 2204 ut
846 2143 974 2225 petrem
998 2137 1084 2218 feret
1107 2158 1163 2203 ore
1186 2158 1284 2223 puer;
1308 2138 1468 2205 suadente
1491 2137 1603 2206 dolore

791 2243 865 2330 ipse
888 2241 951 2308 sibi
974 2241 1110 2308 demens
1135 2247 1319 2328 extorquet,
1342 2248 1379 2307 ut
1399 2241 1546 2309 Hectore
1568 2243 1681 2310 credet

788 2347 994 2432 Astyanacte
1017 2367 1128 2423 suum;
1152 2346 1282 2412 Priemo
1306 2350 1415 2412 temen
1438 2346 1594 2414 Hectoris
1617 2369 1701 2428 osse,

789 2452 816 2516 si
840 2471 904 2537 que
925 2451 1036 2516 ieecnt
1058 2449 1209 2536 disperse
1231 2451 1321 2533 rotis,
1344 2451 1497 2517 ostendet
1520 2459 1554 2518 et
1576 2452 1673 2518 embo

703 2571 752 2627 165
788 2555 940 2621 carnibus
963 2555 1141 2621 Hectoreis
1165 2554 1312 2641 defigent
1334 2557 1448 2622 oscula
1470 2556 1596 2622 flentes.

787 2680 843 2725 ore
867 2665 1037 2725 cruentato
1060 2679 1197 2747 puerum
1222 2660 1317 2725 simul
1343 2659 1439 2726 embo
1462 2662 1651 2745 monebunt,

787 2763 899 2828 oscule
922 2761 978 2829 det
1000 2763 1169 2839 membrie;
1192 2761 1330 2830 ‘laceros
1353 2764 1551 2852 ubicumque
1574 2766 1695 2834 iecere'

788 2866 875 2932 dicet
897 2888 978 2932 evus
1001 2888 1104 2952 puero
1127 2865 1232 2954 ‘peter
1255 2875 1306 2934 est
1329 2889 1409 2955 quos
1431 2869 1552 2936 videris
1575 2871 1686 2939 ertus’.

788 2971 932 3036 moribus
956 2970 1007 3035 his
1031 2971 1058 3036 si
1082 2971 1171 3036 uuile
1194 2973 1283 3037 venit
1305 2973 1435 3060 pictatis
1458 2974 1577 3060 imago,

702 3091 754 3149 170
790 3075 901 3162 aspice
925 3075 1003 3160 quid
1026 3075 1149 3140 facient
1172 3076 1290 3141 coniux
1311 3083 1406 3163 peter
1427 3077 1566 3145 Hecube
1588 3085 1685 3146 natus

788 3185 822 3245 et
844 3179 1033 3266 pudibunde
1057 3200 1160 3245 soror:
1185 3179 1337 3246 Priamus
1360 3183 1448 3248 iecct
1471 3184 1585 3249 osculo
1607 3184 1728 3272 plantis

787 3303 848 3350 rex
872 3284 982 3349 senior
1003 3283 1085 3349 dens
1109 3285 1180 3370 ipse
1204 3285 1270 3350 tuis
1294 3306 1355 3351 nec
1378 3291 1473 3374 turpe
1495 3287 1641 3374 putabet,

788 3387 873 3474 quod
896 3387 1052 3454 miserum
1075 3389 1206 3454 fortune
1229 3388 1336 3465 iubet;
1359 3389 1434 3455 hinc
1457 3392 1548 3477 virgo
1571 3391 1691 3478 pudice

787 3492 992 3579 Astyeneete
1014 3498 1133 3558 tenens
1155 3513 1292 3580 pervum
1315 3515 1414 3581 super
1436 3494 1583 3562 Hectore
1604 3497 1697 3583 ponit

703 3613 753 3668 175
789 3602 823 3662 et
844 3617 982 3684 puerum
1006 3595 1127 3662 deflere
1152 3595 1258 3678 docet,
1282 3597 1340 3663 sed
1363 3599 1518 3685 paruulus
1542 3606 1634 3687 optet

787 3702 835 3767 ire
857 3721 918 3767 nec
942 3701 1078 3766 extincti
1101 3702 1267 3786 cognoscit
1289 3701 1404 3768 funere
1426 3704 1536 3789 petris.

787 3807 853 3873 heu
875 3805 1018 3871 lacerum
1043 3826 1119 3871 nem
1142 3827 1259 3893 corpus
1283 3811 1362 3888 eret,
1386 3807 1472 3893 quod
1494 3813 1599 3876 meter
1622 3816 1656 3876 et
1678 3831 1763 3877 uxor

788 3911 979 3996 complexee
1001 3930 1060 3996 per
1084 3909 1170 3974 colle
1192 3916 1306 3975 tenent
1329 3916 1363 3975 et
1385 3912 1521 3977 vulnere
1543 3913 1623 3979 ferri

788 4036 847 4102 per
869 4017 996 4080 leoeroo
1019 4019 1109 4079 ertus
1132 4034 1293 4099 generoso
1316 4015 1349 4079 in
1373 4035 1508 4102 corpore
1531 4025 1702 4103 queorunt.

702 4137 753 4194 180
789 4118 847 4186 sed
871 4118 949 4204 quid
972 4117 1068 4184 dorse
1091 4118 1151 4183 riri
1174 4119 1330 4205 pelpont?
1353 4119 1470 4186 iniuria
1493 4127 1623 4186 constet

787 4222 986 4309 magnanimi
1008 4223 1152 4287 iuvenis:
1175 4223 1316 4308 plegem,
1340 4244 1404 4309 que
1426 4224 1566 4290 concidit
1588 4225 1724 4310 Hector,

788 4334 823 4394 et
844 4327 961 4392 vulnus
985 4325 1012 4390 si
1036 4345 1134 4390 nosse
1157 4326 1276 4412 plecct,
1299 4332 1429 4393 versate
1454 4329 1605 4416 supinum

787 4452 905 4518 corpus
928 4437 961 4495 et
983 4430 1081 4495 occisi
1104 4433 1286 4495 tractentur
1308 4437 1443 4517 pectore
1466 4433 1569 4518 regis:

788 4536 953 4602 invenient
975 4555 1111 4620 ungues,
1134 4539 1256 4620 quanto
1280 4534 1452 4602 descendit
1474 4536 1566 4602 hietu

495 4729 545 4785 146
566 4732 666 4784 inuidia
683 4731 719 4796 N,
740 4747 808 4783 corr.
821 4729 949 4780 Bdcfrelrr
1046 4723 1094 4778 147
1118 4727 1161 4778 ille
1186 4727 1280 4779 furoris
1304 4727 1425 4781 Bdlrreoc
1529 4728 1578 4784 151
1604 4733 1733 4786 conitente
1758 4734 1788 4785 N
1888 4734 1939 4786 152
1963 4737 2047 4789 tritior

390 4819 517 4872 euertere
611 4817 661 4871 154
687 4836 701 4870 e
725 4818 815 4869 mediis
840 4815 922 4866 Dulm
1025 4812 1075 4866 156
1103 4829 1191 4866 versuo
1215 4813 1278 4865 miti
1306 4823 1452 4881 respector,
1471 4825 1532 4882 post
1556 4819 1605 4870 erit
1626 4819 1733 4884 praeiere
1757 4821 1880 4890 distingui
1905 4823 1970 4874 iubet
1993 4823 2047 4876 Leo

425 4903 475 4958 157
493 4908 644 4960 meseronde
662 4905 692 4956 N
772 4901 819 4955 161
839 4910 910 4970 patro
928 4903 962 4963 N,
982 4919 1049 4954 corr.
1062 4900 1145 4951 Der-lm
1217 4899 1266 4952 163
1286 4910 1369 4954 temen
1389 4901 1422 4967 N,
1442 4904 1543 4955 tandem
1561 4905 1682 4957 nermo
1699 4907 1792 4972 Peipcr
1863 4907 1913 4961 164
1931 4912 2048 4976 disperse

390 4995 483 5047 sororis
496 4994 529 5059 N,
543 5013 611 5045 corr.
625 4992 746 5044 Bttfrrcrrs
818 4989 867 5041 165
880 4989 1043 5058 defiguntN,
1056 5005 1123 5040 corr.
1136 4987 1265 5039 Br'r'cfrelcr
1336 4987 1385 5041 166
1403 4991 1544 5042 manebant
1557 4991 1590 5054 N,
1603 5009 1670 5045 coss.
1683 4993 1812 5046 Br‘r'chcler
1883 4995 1933 5049 168
1951 4997 2047 5049 uideris

391 5081 430 5146 (ui
455 5099 486 5133 ee
507 5082 545 5132 iui
568 5077 707 5145 correctae)
730 5078 761 5128 N
862 5075 913 5130 169
937 5077 1065 5128 Mortibus
1091 5075 1125 5138 N,
1151 5092 1218 5126 corr.
1239 5073 1378 5144 Borebery,
1401 5079 1517 5130 Motibus
1543 5078 1670 5130 Brtcfrelrr
1775 5079 1825 5132 172
1846 5083 1919 5133 uolui
1945 5084 2048 5149 putabit

425 5165 475 5218 174
493 5183 591 5235 ponens
610 5167 642 5228 N,
661 5184 728 5218 corr.
741 5165 869 5218 Br'c'cfteler
955 5162 1005 5216 176
1029 5163 1136 5216 humere
1152 5161 1231 5229 petris
1250 5161 1283 5227 N,
1302 5179 1369 5216 corr.
1383 5162 1463 5216 Dede
1554 5161 1603 5216 184
1621 5165 1741 5219 descendi
1760 5167 1785 5232 (e
1797 5169 1876 5234 prior
1894 5185 1925 5222 ee
1942 5167 1962 5236 i)
1981 5169 2012 5220 N

496 5352 547 5407 164
569 5357 636 5406 recto
655 5351 855 5420 montfortem,
882 5367 947 5406 ιιιιιιι
976 5353 1110 5422 expectet
1135 5367 1259 5406 socerum
1277 5357 1326 5406 159
1421 5352 2047 5422 169Υαῃ.ι1ιιι.6,4056655616ωο151

390 5458 489 5512 tentes
514 5455 631 5526 pietatis
654 5456 749 5528 imego
856 5457 902 5511 171
931 5455 1041 5525 Gor-ime.
1063 5453 1120 5509 roe.
1143 5463 1165 5521 1,
1187 5461 1233 5509 155
1261 5454 1357 5509 osculo
1384 5455 1491 5526 plantis
1516 5473 1612 5526 presse
1637 5455 1716 5513 dedit
1742 5459 1777 5526 (7,
1796 5465 1844 5514 234
1870 5459 1936 5514 Iust.
1953 5467 1975 5526 1,
1989 5460 2046 5525 168)

427 5561 478 5616 172
496 5559 614 5616 Iueeool.
629 5566 653 5628 6,
666 5566 716 5615 390
732 5579 783 5616 nec
802 5564 884 5630 turpe
902 5559 1017 5631 putavit
1034 5559 1100 5628 (·bit
1117 5559 1166 5628 1³¹)
1238 5559 1288 5613 173
1306 5559 1365 5614 Sco.
1382 5560 1482 5616 Trood.
1497 5569 1543 5616 710
1560 5560 1647 5627 (cerdo
1664 5561 1876 5628 Andromaches)
1893 5579 1945 5618 nee
1963 5563 2045 5634 turpe

391 5667 462 5734 pota
480 5662 617 5735 quidquid
634 5662 749 5720 miseros
767 5664 879 5720 fortune
897 5663 976 5721 iubet
1055 5664 1105 5721 184
1123 5663 1188 5721 etot.
1205 5665 1334 5733 7711119,
1348 5669 1403 5720 340
1420 5668 1527 5738 quento
1546 5664 1689 5722 descendit
1708 5666 1808 5724 vulnus
1825 5666 1907 5726 hieto
