4554 6396
1117 377 1321 435 DRAOON'I'II

717 571 752 630 30
787 556 840 620 vel
863 555 950 621 solas
975 558 1094 620 tractet
1116 555 1238 620 reiecta
1261 552 1396 639 cuspide
1418 553 1523 619 lenes.

786 664 898 726 noster
920 659 948 723 si
969 680 1045 724 reus
1068 663 1119 724 est
1141 663 1256 722 auctor
1276 656 1462 744 Neptunus,
1486 654 1646 722 anhelans

787 769 917 830 aestuet
938 764 1024 828 inter
1045 783 1147 849 eques
1170 761 1235 826 telo
1259 761 1448 827 flammante
1470 781 1531 848 per
1552 758 1675 836 undas;

786 868 862 952 igne
885 887 958 932 mco
980 867 1154 932 vincentur
1177 886 1298 952 nqueo:
1323 863 1525 929 fumantibus
1546 861 1643 928 undis

787 970 938 1037 Tritones
962 969 1111 1050 Galatea,
1135 969 1255 1036 Thetin
1279 968 1449 1056 delphines
1472 967 1641 1049 amabunt,

717 1092 751 1148 35
787 1074 944 1163 quidquid
967 1076 1084 1140 fluctus
1107 1073 1217 1155 hebet,
1240 1079 1343 1139 totum
1368 1072 1532 1140 succendo
1555 1071 1727 1159 pharetris.

788 1181 867 1264 eive,
890 1201 1021 1267 parens,
1044 1185 1138 1266 optas
1162 1177 1311 1244 homines
1333 1178 1385 1243 his
1408 1177 1539 1264 ignibus
1563 1181 1655 1243 ustos

787 1285 929 1350 inlicitos
952 1285 1073 1350 violare
1095 1288 1195 1364 toros,
1218 1289 1340 1348 utnon
1363 1282 1417 1368 pie
1438 1282 1541 1368 petris

788 1389 901 1454 oucule
921 1395 999 1454 nate
1020 1393 1114 1475 petet
1135 1407 1197 1453 nee
1220 1393 1317 1453 natus
1340 1387 1453 1452 metris
1475 1393 1601 1452 ametor

787 1492 881 1558 dulce
904 1491 998 1558 nefas
1022 1493 1142 1578 cupiet,
1165 1492 1266 1556 frater
1288 1491 1445 1577 vitietque
1469 1511 1614 1556 sororem

717 1612 753 1670 40
787 1597 1001 1684 privignoque
1025 1617 1084 1662 suo
1107 1597 1252 1683 potiatur
1274 1594 1397 1662 blenda
1418 1615 1578 1662 noverca:

786 1702 870 1768 alter
892 1702 954 1767 erit
975 1699 1114 1766 Perdice
1136 1700 1246 1765 furens
1270 1705 1369 1786 etque
1392 1699 1498 1766 altere
1519 1699 1664 1786 Myrrha,

785 1806 933 1892 Iuppiter
954 1805 1036 1871 alter
1058 1805 1121 1871 erit
1142 1805 1238 1870 terris
1261 1803 1302 1869 de
1324 1804 1425 1870 iretre
1447 1805 1595 1887 meritus,

787 1909 904 1996 (parve
925 1909 1052 1995 loquor)
1074 1915 1178 1991 muro,
1203 1908 1230 1972 ri
1252 1908 1398 1990 iusseris,
1421 1909 1527 1973 altere
1549 1909 1637 1995 regis

784 2015 969 2079 flammetur
992 2013 1122 2094 coniux,
1145 2011 1302 2079 reddetur
1323 2019 1357 2078 et
1379 2013 1483 2078 altore
1505 2010 1678 2080 Phaedre’.

716 2135 751 2189 45
788 2125 822 2182 et
844 2118 895 2183 his
918 2119 1006 2184 laete
1027 2116 1141 2183 Venus
1165 2118 1257 2182 uultu
1281 2123 1406 2182 mutata
1428 2123 1592 2183 renarret:

787 2219 950 2308 ‘impubes
973 2223 1096 2288 lesciva
1119 2243 1211 2310 puer,
1236 2222 1287 2286 oui
1311 2222 1460 2287 subiacet
1482 2243 1579 2288 omne

788 2328 875 2414 quod
898 2335 1015 2393 natura
1038 2333 1137 2409 creet,
1162 2328 1289 2393 caelum
1313 2348 1402 2394 mare
1426 2325 1536 2393 sidera
1557 2327 1667 2408 tellus,

787 2454 883 2499 nemo
906 2437 998 2498 notet
1019 2431 1199 2514 Venerem,
1223 2430 1309 2519 quod
1332 2431 1473 2518 supplex
1495 2439 1602 2497 mater
1624 2431 1784 2498 Amorum

787 2538 872 2625 ignis
895 2557 992 2624 opem
1015 2535 1056 2602 de
1078 2537 1171 2624 prole
1194 2543 1298 2622 roget.
1343 2557 1419 2602 nam
1441 2557 1578 2602 munere
1600 2537 1634 2602 in
1657 2537 1721 2602 isto

719 2661 754 2718 50
788 2643 934 2729 quamuis
958 2642 1001 2707 sit
1024 2641 1203 2706 communis
1225 2640 1340 2724 honor,
1363 2647 1484 2722 temen,
1507 2640 1603 2724 elme,
1625 2641 1766 2707 latemur

787 2747 840 2812 hic
863 2767 984 2812 numen
1007 2746 1081 2832 plue
1103 2765 1200 2831 posse
1223 2751 1324 2810 tuum.
1370 2745 1516 2811 lementa
1538 2747 1684 2832 parentis

789 2852 817 2916 si
840 2850 949 2938 placet
970 2849 1096 2932 ulcisci,
1119 2849 1234 2936 paucis
1258 2848 1419 2935 (adverte)
1443 2849 1579 2916 docebo.

788 2953 1026 3041 Nympharum,
1054 2973 1136 3040 puer
1157 2953 1252 3035 elme,
1276 2953 1395 3019 chorus
1420 2953 1497 3018 dum
1519 2974 1625 3040 pense
1649 2954 1788 3020 revolvit

789 3059 893 3125 Penei
919 3058 980 3124 sub
1003 3059 1094 3123 fonte
1117 3058 1177 3140 sui,
1201 3056 1317 3145 (pudet
1339 3079 1395 3124 ore
1418 3056 1558 3146 referre)

721 3180 756 3235 55
794 3162 880 3229 Solis
902 3167 1012 3228 emata
1034 3161 1122 3228 canit
1145 3159 1303 3249 Clymene
1326 3182 1401 3228 mee
1424 3162 1560 3228 crimine
1582 3161 1743 3251 Nymphis

780 3287 908 3360 ¹meque
932 3287 991 3333 suo
1014 3285 1167 3354 prensam
1190 3265 1359 3352 Nymphas
1381 3271 1493 3334 monet
1516 3266 1623 3333 indice
1647 3266 1723 3333 Sole

789 3370 995 3457 Vulcanique
1019 3375 1115 3435 sonet
1137 3370 1266 3457 captiuo
1289 3369 1396 3436 Marte
1420 3377 1564 3438 catenes.

790 3495 871 3561 ques
893 3474 1005 3540 audire
1028 3475 1111 3540 libet
1133 3473 1173 3540 de
1197 3479 1310 3540 nostre
1333 3473 1425 3541 clade
1449 3481 1630 3542 canentem.

790 3579 850 3646 aed
872 3580 899 3645 si
921 3579 963 3644 de
985 3578 1081 3644 nobis
1104 3584 1193 3644 certe
1217 3584 1350 3645 cantare
1373 3579 1535 3666 placebat,

720 3701 755 3759 60
789 3683 943 3749 iudicium
965 3682 1094 3748 Paridis
1117 3683 1171 3748 vel
1192 3688 1335 3766 nostros,
1357 3690 1445 3766 nete,
1468 3682 1650 3770 triumphos

791 3792 961 3852 cantarent
982 3786 1101 3852 fluidae
1125 3793 1298 3874 cerpentes
1321 3806 1425 3874 pensa
1447 3787 1587 3875 puellae.

790 3898 842 3958 est
864 3891 1005 3978 gemitus
1028 3891 1110 3957 hoec
1133 3911 1232 3957 causa
1254 3891 1328 3957 mei.
1374 3911 1455 3979 ques
1479 3913 1537 3958 ure
1561 3891 1689 3976 sagittis

791 3995 889 4061 corda
911 3996 966 4062 vel
988 3994 1117 4060 illerum
1141 3995 1227 4061 dulci
1250 3996 1402 4082 continge
1425 4016 1570 4062 ueneno:

790 4106 929 4166 noscent
951 4098 1028 4186 quid
1052 4099 1093 4165 sit
1115 4120 1215 4182 emor,
1239 4099 1366 4166 discent
1387 4105 1445 4166 tue
1467 4101 1535 4167 tela
1547 4150 1665 4170 ......

496 4331 531 4386 30
548 4334 584 4385 Vt
601 4331 635 4399 N,
653 4333 686 4383 31
703 4330 804 4397 Peiper,
823 4329 869 4380 Vel
887 4345 932 4395 eqo
1002 4327 1072 4380 solus
1084 4327 1120 4392 N,
1137 4343 1205 4380 corr.
1217 4325 1300 4379 Dede
1358 4328 1395 4380 Vt
1412 4329 1502 4381 sollers
1519 4327 1647 4398 Recedet-y
1715 4341 1811 4387 retacta
1823 4334 1858 4399 N,
1877 4353 1945 4390 eon,
1957 4337 2047 4403 Mn,
2156 4373 2157 4376 ,

392 4423 427 4490 cs.
438 4420 515 4473 VIII
530 4423 584 4473 357
632 4409 633 4414 ¹
667 4415 702 4470 32
719 4425 836 4485 perustas
853 4415 975 4467 Butram
1065 4413 1350 4482 senseresensere
1435 4413 1469 4468 36
1488 4433 1504 4458 o
1523 4419 1549 4468 Si
1567 4435 1659 4486 perans
1676 4418 1768 4488 optetis
1787 4422 1822 4490 N,
1840 4441 1908 4477 corr.
1922 4425 2050 4477 Baetae,-

426 4505 461 4560 38
478 4523 527 4560 neo
538 4506 571 4570 N,
585 4507 626 4558 vel
643 4504 720 4556 batn
788 4500 822 4556 39
834 4503 922 4570 cupiet
933 4502 967 4564 N,
985 4503 1069 4569 rapiat
1086 4501 1180 4566 Peiper
1248 4499 1283 4553 40
1300 4504 1427 4555 morietur
1444 4503 1536 4556 Ilolrde
1604 4503 1640 4556 42
1657 4508 1733 4560 terris
1750 4507 1783 4573 N,
1803 4511 1903 4562 Cereris
1921 4510 2049 4578 Rosrberg

426 4591 461 4646 43
479 4603 566 4646 muros
584 4593 616 4643 N
678 4589 713 4643 46
731 4590 870 4658 Impudens
883 4589 917 4654 N,
935 4606 1002 4640 corr.
1014 4587 1142 4639 Bitcbelcr
1154 4589 1305 4654 Imprudens
1317 4589 1411 4656 Pciper
1480 4589 1514 4642 48
1532 4592 1649 4656 notetN,
1667 4611 1734 4646 conr.
1749 4594 1877 4648 Brleleeler
1945 4595 1981 4649 49
1998 4599 2048 4665 opd

391 4698 459 4733 corr.
479 4697 510 4734 ee
533 4697 595 4748 opos
611 4679 644 4730 N
713 4693 820 4729 munere
843 4677 924 4728 mixto
942 4675 1064 4727 Bithrons
1157 4672 1192 4728 50
1216 4675 1257 4727 hie
1278 4693 1365 4728 ocrem
1387 4677 1474 4730 eodone
1495 4679 1571 4730 modo
1595 4696 1645 4745 quo
1669 4679 1703 4734 10
1727 4681 1755 4732 in
1780 4683 1897 4750 mos-gine
1917 4685 2049 4750 supplente

392 4775 428 4820 est
451 4784 497 4820 uec
514 4775 664 4819 nummum
680 4765 709 4817 iu
726 4765 817 4816 ordisse
920 4762 953 4816 51
971 4764 1041 4815 Hinc
1057 4761 1092 4828 N,
1111 4761 1313 4814 emembrem
1411 4761 1445 4816 54
1463 4781 1508 4816 ora
1525 4766 1619 4832 Peiper
1716 4767 1751 4819 56
1769 4769 1909 4837 nympham
1928 4769 2049 4822 Btthrem

426 4851 460 4906 bt
472 4863 564 4907 sonent
577 4853 610 4919 N,
629 4870 697 4905 corr.
709 4850 859 4917 Petschenig
927 4847 961 4903 58
979 4867 1038 4902 cuce
1055 4866 1088 4900 ne
1106 4851 1176 4916 legor
1189 4850 1253 4914 Qui
1265 4867 1326 4902 moe
1337 4851 1423 4916 iuvat3
1444 4851 1550 4904 delibet
1561 4870 1583 4904 c.
1596 4871 1649 4905 cce.
1661 4871 1684 4908 o.
1696 4854 1776 4907 iudea
1844 4853 1880 4908 62
1896 4857 2047 4924 genitueN,

392 4957 458 4994 corr.
472 4941 601 4994 Bdcteter
691 4937 755 4992 642·
768 4940 864 4992 Noscet
882 4937 917 5003 N,
941 4955 1009 4990 corr.
1028 4936 1110 4988 Dede
1127 4937 1155 4988 iu
1173 4939 1230 5005 fleo
1254 4938 1355 5006 puellae
1372 4937 1463 5002 Doleo,
1488 4955 1534 5007 per
1558 4957 1616 4992 osse
1632 4940 1761 5008 Bith-ena,
1787 4943 1871 4996 vereri
1889 4942 2048 5012 Petschenig,

387 5029 474 5096 poesis
491 5029 548 5081 olio
564 5027 633 5081 ectu
649 5028 769 5096 perustae
786 5026 909 5094 loquaces
925 5025 966 5078 vet
982 5040 1074 5077 nocere
1090 5025 1146 5076 eine.

495 5251 530 5306 32
546 5251 580 5318 cf.
595 5250 627 5304 X
636 5257 672 5306 88
758 5249 792 5305 33
811 5249 860 5305 sit.
873 5257 898 5318 4,
914 5256 962 5304 894
979 5247 1153 5304 fumantibus
1170 5248 1252 5304 undis
1272 5249 1368 5318 (Drec.
1383 5249 1414 5304 X
1426 5253 1474 5320 88)
1560 5251 1595 5306 38
1612 5251 1646 5319 cs.
1661 5249 1759 5308 catate
1771 5259 1812 5320 84,
1825 5259 1876 5309 402
1887 5268 1926 5323 aq.
1996 5268 2047 5308 nec

391 5355 475 5426 iunge
492 5371 553 5410 nem
569 5354 651 5410 dulce
720 5356 753 5410 41
774 5354 848 5425 Vere.
861 5355 916 5410 buc.
930 5362 956 5420 4,
970 5359 1003 5409 34
1020 5353 1094 5409 alter
1112 5351 1165 5408 crit
1177 5355 1238 5407 tum
1251 5351 1360 5424 Tiphys
1378 5355 1407 5408 et
1425 5353 1516 5410 altera
1534 5372 1606 5424 ques
1621 5356 1706 5410 vehat
1719 5356 1794 5428 Argo
1813 5371 1865 5426 eqo.
1935 5356 1971 5412 42
1982 5361 2050 5411 recte

391 5458 480 5527 terris,
499 5459 592 5528 agdus
608 5457 641 5513 de
656 5458 808 5514 homiuibus
893 5458 929 5514 46
946 5459 1047 5512 Aretor
1059 5465 1081 5525 1,
1097 5463 1146 5511 627
1171 5456 1217 5511 cni
1240 5456 1368 5514 subiacet
1386 5457 1473 5526 illud,
1499 5459 1575 5528 quod
1596 5463 1699 5516 ustura
1723 5463 1810 5532 neget
1913 5461 1948 5516 52
1971 5460 2047 5531 Vere.

391 5566 459 5621 Aera
472 5572 499 5632 4,
514 5570 560 5619 118
576 5561 683 5634 paucis,
702 5564 826 5633 adverte,
845 5563 950 5619 docebo
968 5563 1005 5631 (8,
1016 5569 1050 5617 60
1070 5561 1167 5616 Claud.
1181 5569 1217 5630 15,
1231 5567 1281 5618 888
1299 5562 1390 5618 auen.
1402 5579 1423 5619 c.
1438 5571 1459 5632 7,
1473 5567 1532 5633 138)
1607 5565 1641 5620 55
1659 5565 1695 5632 cf.
1710 5564 1784 5633 Vere.
1795 5579 1882 5635 georg.
1895 5573 1920 5634 4,
1933 5571 1982 5620 348
1993 5579 2047 5632 sqq.

425 5670 459 5726 60
477 5667 630 5739 Verqdeu.
643 5674 710 5736 1,17
727 5667 861 5725 iudicium
880 5667 989 5724 Paridis
1065 5668 1100 5724 64
1123 5666 1196 5736 Vero.
1210 5669 1267 5724 bae.
1280 5675 1305 5736 8,
1319 5675 1351 5724 43
1369 5687 1442 5724 nuuc
1461 5669 1526 5736 scio,
1545 5669 1614 5740 quid
1631 5671 1670 5725 sit
1687 5687 1767 5726 emor
1784 5669 1847 5740 (Oo.
1860 5673 1920 5724 met.
1934 5675 1971 5738 18,
1987 5671 2048 5738 788)
