4554 6396
806 346 960 405 avenam
995 346 1251 406 Haxnnnanon

545 538 583 580 res
614 523 763 590 membra
784 521 940 609 pudenda
962 526 1056 610 putat
1076 528 1215 609 partem,
1239 543 1324 610 quae
1347 528 1399 589 est
1419 524 1520 611 prolis
1544 527 1647 613 origo,

615 635 647 694 et
670 649 735 714 qna
758 629 879 694 ventris
903 633 975 694 erat
996 626 1124 714 pridem
1147 627 1287 714 digestio
1310 629 1424 717 turpis.

613 733 765 799 omnibus
788 753 833 798 ex
855 733 1010 799 membris
1032 753 1108 819 para
1131 732 1283 799 mundior
1304 735 1379 822 ipsa
1400 740 1544 822 putatur,

461 837 514 896 370
616 837 717 903 noxia
740 837 811 903 sola
833 839 939 923 magis
961 837 1070 903 fuerat
1093 857 1177 923 quae
1199 838 1233 903 in
1256 858 1393 925 corpore
1416 844 1496 907 toto.

615 963 654 1007 os
676 941 784 1007 aditus
806 943 919 1007 mortis
943 946 1020 1007 tuno
1043 941 1179 1026 protulit
1201 947 1300 1028 atque
1323 942 1452 1028 redegit

544 1058 584 1100 ⁴⁹⁰
613 1047 727 1132 lingua
749 1045 942 1128 malisuada,
965 1045 1024 1112 sed
1047 1043 1081 1112 et
1103 1066 1200 1111 aures
1224 1046 1337 1111 limina
1358 1048 1480 1112 mortis.

616 1149 744 1216 viderat
766 1149 973 1236 omnipotens
995 1149 1161 1216 hominem
1184 1148 1338 1215 didicisse
1360 1149 1531 1236 pudorem,

615 1253 805 1342 perdiderat
828 1275 925 1342 quem
948 1253 1063 1321 fraude
1087 1255 1180 1335 truci,
1205 1253 1411 1342 dapibusque
1435 1255 1574 1324 comesis

459 1358 511 1414 375
616 1365 763 1424 errantes
786 1380 846 1446 per
868 1363 964 1445 prata
986 1379 1060 1424 rece
1083 1357 1237 1445 foliisque
1261 1364 1413 1444 tegentes

615 1461 773 1528 fecundos
797 1468 907 1527 artus:
932 1461 1012 1526 daut
1034 1463 1148 1548 agnita
1171 1463 1319 1529 membra
1341 1469 1478 1545 reatum,

545 1579 584 1620 ⁴⁹⁵
615 1565 775 1632 inlicitum
798 1566 921 1632 iustum
942 1571 1098 1653 reputant
1122 1566 1312 1652 licitumque
1335 1567 1483 1653 profecto

616 1669 761 1736 creditur
785 1689 858 1736 esse
881 1670 988 1737 ueiae.
1033 1670 1094 1736 hos
1118 1670 1268 1756 increpat
1291 1691 1346 1736 ore
1369 1672 1496 1737 tonanti

615 1774 805 1861 sacrilegos,
829 1775 885 1861 qui
908 1775 980 1840 iura
1002 1774 1055 1840 dei
1078 1774 1235 1841 calcando
1258 1775 1442 1862 profanent,

461 1877 513 1937 330
619 1878 696 1944 dum
719 1887 882 1966 quaerunt
903 1879 986 1944 ullas
1009 1878 1095 1945 foliis
1117 1879 1172 1946 vel
1194 1900 1275 1967 rupe
1297 1879 1454 1964 latebras,

615 1983 691 2048 hinc
715 1984 819 2070 magis
844 1984 986 2066 obtunsi,
1010 1982 1097 2070 quod
1120 1983 1257 2050 eredunt
1278 2005 1377 2070 posse
1400 1985 1504 2050 latere

547 2101 586 2142 ³⁰⁰
615 2094 693 2154 tunc
716 2087 932 2174 quodcunque
955 2087 1063 2171 deum,
1087 2088 1140 2153 cui
1163 2093 1280 2153 cuncta
1303 2094 1415 2155 creata
1436 2093 1622 2175 patescunt,

618 2199 652 2258 et
672 2193 798 2274 merito,
822 2192 898 2278 quia
921 2199 1039 2258 cuneta
1061 2192 1140 2258 iacit
1162 2192 1306 2279 iecitque
1329 2192 1483 2259 iubendo.

485 2369 486 2372 Ἴ
617 2317 683 2362 non
707 2297 791 2383 fugit
815 2297 983 2378 artificem,
1008 2295 1133 2362 calidos
1157 2317 1241 2382 quae
1264 2318 1375 2363 massa
1397 2297 1544 2363 caminos

462 2401 514 2456 385
619 2401 790 2482 sustineat,
813 2401 929 2487 rubigo
951 2401 1059 2466 latens
1083 2420 1166 2486 quae
1189 2402 1317 2468 viscera
1339 2401 1417 2468 ferri

619 2505 787 2584 conrodat,
811 2525 897 2591 quae
919 2506 1021 2571 missa
1043 2507 1146 2571 semel
1168 2505 1300 2572 fornace
1324 2507 1499 2592 liquescat;

547 2625 584 2665 ⁶⁰⁶
616 2610 758 2676 hicnon
781 2609 917 2676 defossa
937 2608 1044 2697 prodit
1067 2610 1186 2676 tellure
1208 2611 1353 2692 metalla,

616 2715 812 2802 promittens
836 2715 925 2780 saxis
949 2721 983 2780 et
1004 2735 1070 2780 uon
1094 2713 1134 2780 de
1157 2715 1291 2800 pulvere
1314 2736 1474 2800 gemmam

618 2821 680 2887 scit
703 2819 821 2906 quibus
843 2819 988 2885 inmittat
1010 2819 1180 2885 mordaces
1203 2819 1355 2886 fluctibus
1379 2819 1492 2886 hamos

461 2923 513 2980 330
617 2922 743 2989 retibus
766 2928 823 2989 aut
845 2924 954 3010 pisces
977 2924 1072 2989 fallat
1094 2928 1257 2990 scrutator
1280 2943 1436 3010 aquarum

619 3035 653 3096 et
675 3030 761 3096 male
784 3035 941 3095 venturas
965 3028 1105 3116 spondet
1128 3028 1188 3094 sibi
1210 3034 1312 3095 nanta
1334 3028 1512 3115 procellaa;

549 3147 588 3186 ⁵¹⁰
619 3134 646 3198 ai
668 3133 821 3222 pluvialis
844 3133 950 3199 hiems
974 3139 1031 3198 aut
1052 3155 1173 3200 saxeus
1195 3139 1312 3220 urgeat
1334 3133 1441 3199 imber

618 3258 685 3302 non
707 3238 789 3302 latet
811 3237 981 3323 agricolis3
1007 3237 1067 3303 sub
1091 3238 1189 3304 terris
1211 3235 1364 3323 providus
1387 3235 1495 3302 undae

617 3342 781 3427 promittit
802 3341 909 3408 fontes
932 3340 1108 3428 designans
1132 3348 1208 3407 ante
1233 3361 1385 3429 saporem

462 3442 514 3500 335
619 3445 766 3529 inspecta
788 3445 906 3510 tellure
930 3446 1042 3526 semel,
1067 3446 1138 3510 aine
1161 3445 1293 3511 flatibus
1316 3445 1409 3521 ullia3

620 3548 717 3614 sibila
739 3548 816 3614 dum
839 3549 978 3615 reticent
1000 3549 1140 3614 necdum
1164 3555 1315 3636 serpente
1338 3553 1450 3615 notato

551 3667 588 3706 ⁵1⁵
619 3651 778 3740 praedicit
802 3653 916 3717 suillus
939 3653 1005 3718 vim
1029 3654 1263 3739 cuiuscumque
1288 3654 1421 3727 veneni;

621 3757 715 3843 signa
736 3755 826 3821 videt
848 3755 995 3822 medicus
1018 3758 1132 3823 mortis
1155 3755 1350 3843 reducisque
1374 3755 1489 3821 salatia

293 4065 297 4076 ·
310 4033 361 4088 371
375 4044 459 4102 potest
476 4037 531 4088 Hos
549 4036 638 4103 legisse
651 4035 726 4103 Eup,
746 4037 780 4104 cf.
795 4035 877 4088 Drcc.
894 4036 968 4088 codd
983 4035 1029 4088 ΟΒ
1099 4037 1205 4088 auditus
1224 4035 1274 4087 FP
1347 4035 1438 4088 redeiit
1459 4033 1538 4098 (corr.
1555 4035 1653 4085 mam
1669 4033 1697 4084 in
1714 4027 1814 4098 reiecit)
1831 4029 1864 4094 F,

206 4126 295 4178 reiecit
313 4123 339 4176 P
353 4124 412 4177 aad.
516 4119 568 4174 372
591 4123 653 4175 mali
681 4125 775 4176 suadas
797 4120 822 4190 (a
843 4123 935 4174 ultim
953 4121 1048 4190 deleto)
1067 4123 1096 4174 F
1190 4121 1241 4174 374
1259 4123 1426 4175 Perdiderant
1442 4121 1516 4188 (FP)
1609 4121 1763 4186 datibnaqns
1781 4115 1832 4168 FP

206 4209 258 4264 376
274 4213 357 4264 Pedes
381 4219 453 4264 artua
472 4209 533 4276 (sic)
550 4209 583 4272 F,
601 4210 713 4262 Pedaion
731 4219 803 4263 artua
822 4209 853 4276 P,
873 4212 927 4262 Iam
945 4211 1033 4262 foedos
1050 4217 1123 4262 artua
1141 4209 1200 4261 add.
1292 4207 1344 4261 377
1362 4211 1458 4261 iustum
1477 4209 1526 4274 bis,
1545 4209 1656 4260 alterum
1673 4206 1782 4258 deletam
1800 4203 1834 4254 11

207 4295 258 4350 373
275 4299 333 4350 iura
349 4298 384 4350 lei
401 4297 439 4350 F¹
509 4293 559 4348 381
578 4298 676 4349 credun
698 4295 728 4347 P
793 4295 939 4350 aeacum
964 4296 1086 4362 (meda.
1157 4295 1208 4348 384
1227 4298 1277 4348 suit
1294 4296 1327 4347 11
1393 4314 1421 4364 q;
1439 4295 1487 4360 I¹'¹,
1503 4312 1555 4362 que
1572 4294 1612 4346 Ρ
1697 4291 1749 4345 885
1765 4289 1865 4358 robigol

206 4385 288 4437 abens
306 4384 341 4435 Μ
405 4385 489 4451 rufigo
507 4383 549 4436 1¹⁷¹
628 4381 680 4436 386
698 4384 843 4436 concordat
861 4383 912 4436 FP
979 4400 1009 4448 q3
1028 4382 1075 4446 F¹,
1092 4399 1161 4449 quae
1178 4382 1218 4434 Fr
1290 4381 1340 4436 387
1358 4385 1427 4436 Hinc
1445 4383 1479 4434 M
1555 4378 1607 4434 390
1623 4387 1670 4433 aut
1688 4377 1780 4443 ΜΡ,
1799 4385 1826 4429 et
1842 4375 1869 4428 P

241 4469 294 4524 393
311 4471 439 4539 sgrooolis
451 4469 477 4536 (o
489 4472 568 4537 prior
585 4471 614 4522 ia
631 4471 640 4521 i
653 4470 780 4536 consero)
792 4470 832 4534 M,
848 4471 975 4538 agricolas
987 4469 1039 4521 FP
1107 4467 1159 4522 394
1176 4477 1236 4522 ante
1249 4471 1287 4535 M,
1304 4477 1359 4522 arta
1372 4469 1405 4536 F,
1424 4477 1478 4522 sate
1488 4465 1548 4537 (rio)
1561 4468 1587 4519 P
1652 4463 1703 4519 397
1721 4465 1813 4518 suillus
1826 4462 1865 4529 11,

208 4558 301 4611 siuilrm
319 4557 353 4623 F,
370 4559 462 4611 sibilas
480 4557 511 4622 P,
530 4559 565 4626 cs.
578 4557 699 4609 Isidos-rw
768 4573 869 4609 ueneno
888 4557 925 4609 F¹

311 4795 364 4852 372
381 4795 539 4854 malisuada
556 4796 728 4867 compositam
746 4795 858 4852 wlaieac
874 4798 971 4866 opinor
988 4797 1157 4867 Qantara,
1180 4813 1236 4852 aon
1259 4794 1327 4852 mali
1350 4794 1450 4861 suada,
1470 4792 1633 4864 pronaeae
1650 4797 1739 4850 anteat
1758 4792 1768 4848 i
1785 4793 1817 4849 ob
1834 4810 1865 4849 ar

208 4905 349 4969 erasmae
