4538 6398
958 361 1111 418 EVGENII
1130 359 1317 416 nonerunt
1335 357 1503 415 EPISCOPI

999 663 1057 738 IV.
1098 664 1159 737 DE
1187 661 1453 737 SAPIENTIA.

795 813 841 879 Ut
864 815 973 880 valeas
996 835 1075 880 vero
1098 814 1169 899 regi
1192 813 1384 899 coniungior
1405 833 1481 892 uno,

796 919 889 1004 regia
911 919 954 983 sit
977 939 1107 1005 semper
1130 937 1272 1004 regnans
1296 917 1458 1004 sapientia
1480 921 1598 995 tecum,

795 1043 880 1108 quae
904 1021 963 1086 tibi
987 1022 1156 1086 eonsilium
1179 1022 1289 1086 valeat
1312 1021 1459 1086 conferre
1482 1019 1629 1098 beatum,

795 1125 970 1212 amplificet
992 1145 1140 1212 regnum,
1164 1124 1286 1190 tribuat
1309 1125 1378 1190 sinc
1402 1125 1466 1190 line
1490 1145 1655 1190 coronam.

743 1248 760 1302 5
796 1230 941 1316 tegmine
965 1250 1129 1316 purpureo
1154 1235 1256 1294 temet
1279 1229 1458 1294 circumdet
1481 1233 1515 1294 et
1538 1235 1641 1310 ornet,

795 1335 848 1400 hio
870 1341 903 1400 et
925 1335 958 1399 in
981 1341 1148 1400 aeternum
1172 1335 1283 1400 felicia
1305 1333 1426 1420 gaudia
1448 1339 1605 1420 praestet.

993 1634 1037 1708 V.
1078 1635 1139 1708 DE
1166 1635 1457 1710 PRVDENTIA.

794 1769 972 1856 Temperet
994 1769 1121 1834 interea
1143 1769 1247 1834 virtus
1270 1768 1443 1855 prudentia
1466 1789 1577 1855 regem

796 1871 921 1938 actibus
944 1873 977 1937 in
1001 1873 1126 1938 cunctis
1150 1879 1183 1938 et
1206 1873 1327 1937 sanetis
1349 1873 1496 1938 moribus
1519 1877 1627 1948 oruct;

795 1981 969 2064 componat
991 1997 1111 2058 mores,
1133 1997 1301 2043 sermones
1324 1976 1452 2043 ordinet
1475 1998 1596 2058 omnes,

796 2087 971 2168 componat
992 2081 1136 2167 linguam
1160 2101 1343 2168 sensusque
1365 2082 1529 2148 ministret
1552 2103 1700 2148 acumen.

743 2201 760 2256 5
796 2191 935 2252 exornet
957 2185 1113 2266 habitum,
1136 2207 1286 2272 grossum
1309 2193 1480 2273 componat
1500 2185 1691 2252 honestum:

795 2289 868 2376 ipsc
890 2289 943 2355 dei
967 2289 1068 2354 virtus
1092 2290 1221 2356 tibimet
1245 2289 1404 2356 concedat
1426 2296 1611 2378 utrumque.

955 2590 1016 2665 VI.
1058 2590 1120 2663 DE
1145 2589 1494 2667 SIMPLICITATE.

798 2722 998 2809 Simplicitas
1022 2723 1150 2790 animae
1175 2725 1330 2790 virtutum
1353 2725 1479 2790 semina
1501 2725 1612 2804 nutrit,
1646 2783 1647 2788 ,

796 2827 987 2914 simplicitas
1009 2849 1123 2914 regum
1148 2849 1254 2895 mores
1277 2830 1444 2915 componit
1466 2835 1500 2894 et
1523 2836 1627 2912 cruat,

795 2951 962 2996 sermones
985 2932 1104 2998 nitidos
1126 2953 1207 3018 puro
1230 2932 1271 2998 de
1295 2933 1392 3000 corde
1416 2933 1589 3017 ministrat,

796 3034 872 3101 odia
893 3057 959 3100 non
981 3035 1112 3116 retinet,
1135 3035 1251 3103 laudes
1274 3057 1335 3102 neo
1358 3042 1469 3124 captet
1489 3039 1605 3104 inanes

743 3155 760 3210 5
796 3160 858 3204 nec
881 3140 972 3226 cupit
993 3139 1167 3206 absentum
1190 3141 1324 3207 fratrum
1349 3141 1506 3208 derodere
1529 3142 1642 3227 ritum,

796 3245 924 3311 auferet
945 3245 1085 3312 inluvies
1108 3246 1249 3311 bominis
1272 3246 1312 3314 de
1335 3253 1470 3335 pectore
1493 3252 1589 3316 totas.

991 3545 1066 3618 VH.
1106 3545 1168 3618 DE
1194 3543 1466 3620 PATIENTIA.

795 3677 856 3742 Vir
878 3677 1004 3763 patiens
1027 3678 1166 3764 patriam
1189 3679 1309 3764 poterit
1332 3678 1555 3745 conscendere
1580 3681 1713 3762 celsam,

796 3781 823 3846 si
846 3781 898 3847 bic
922 3775 1057 3847 nitidam
1081 3783 1220 3870 primum
1245 3789 1358 3848 teneat
1380 3784 1450 3849 sine
1475 3784 1610 3848 crimine
1635 3785 1752 3862 vitam;

794 3893 960 3974 torporem
984 3887 1112 3974 patiens
1136 3886 1237 3954 debet
1261 3888 1390 3954 calcare
1413 3907 1585 3973 nugacem,

795 4011 837 4056 ne
860 3999 974 4078 pereat
997 3991 1110 4057 tardus
1134 4013 1241 4057 nocuo
1263 3991 1324 4057 sub
1348 3991 1492 4078 pondere
1516 4014 1665 4078 pressus:

745 4112 762 4166 5
797 4095 965 4180 ingenium
988 4095 1087 4162 debet
1113 4097 1276 4182 serpentis
1299 4096 1424 4162 habere
1447 4095 1608 4176 columba,

797 4197 933 4264 callidus
957 4204 992 4266 et
1014 4198 1157 4286 prudens
1181 4199 1280 4266 debet
1302 4200 1477 4266 mitescere
1502 4219 1648 4288 serpens.

1023 4497 1116 4570 VIII.
1156 4497 1218 4570 Du
1244 4496 1433 4572 IVDICIO.

796 4628 906 4714 Dilige
929 4626 1094 4709 iudicium,
1118 4628 1146 4692 si
1169 4629 1219 4693 vis
1242 4628 1464 4695 conscendere
1488 4630 1625 4714 caelum,

796 4733 907 4799 taliter
930 4738 963 4798 et
985 4732 1103 4797 vestris
1125 4731 1315 4798 censoribus
1339 4733 1410 4819 ipsc
1434 4733 1589 4799 minator:

501 4939 564 5011 [lv]
619 4939 634 4994 l
660 4940 788 4994 uuleotO
873 4941 1008 5010 coniugiar
1027 4959 1078 4995 uuo
1098 4943 1131 4994 Μ
1146 4943 1217 5011 edd„
1242 4945 1393 5014 oontingere
1417 4944 1555 4999 christcO
1648 4943 1666 4998 4
1692 4963 1773 5016 regna
1788 4946 1813 4999 '0
1897 4947 1949 4998 llus
1967 4943 2064 4998 orno

431 5028 573 5082 coronal!
655 5027 805 5081 bchmide
823 5028 998 5096 purpursuO

501 5128 545 5200 [V]
607 5128 751 5184 turadia
768 5132 928 5200 liuguomG

502 5232 563 5302 [tl]
614 5235 626 5288 1
645 5236 726 5288 animi
746 5235 768 5286 0
858 5234 945 5290 loon
963 5236 1092 5306 captato
1176 5237 1322 5292 b'iulubies
1339 5240 1456 5292 homines
1474 5239 1507 5290 Μ

501 5336 576 5406 [vll]
612 5337 629 5390 3
647 5340 774 5392 celarem
793 5340 827 5389 Μ
891 5338 908 5392 4
927 5357 1010 5394 nocuo
1026 5340 1054 5407 0,
1073 5360 1106 5395 no
1123 5360 1174 5408 quo
1188 5343 1222 5393 Μ
1230 5343 1288 5395 edd.
1359 5330 1531 5411 ungentum
1544 5343 1582 5407 Μ,
1601 5344 1768 5397 AstutiamO
1835 5343 1973 5397 columboe
1986 5345 2026 5412 (l)
2041 5348 2067 5401 0

498 5441 590 5512 [vul]
616 5447 656 5497 De
673 5445 805 5497 iudicuum
825 5445 859 5495 M
940 5431 1072 5498 2minato
1093 5447 1116 5499 0

500 5631 559 5702 [VI]
596 5631 613 5687 3
631 5631 740 5686 laveno.
756 5640 778 5700 1,
791 5638 840 5687 463
857 5650 980 5702 puro...
999 5634 1082 5692 corde
