4554 6396
405 377 465 442 ¹46
1129 368 1332 426 nanconnn

447 545 684 624 QVAESTIO
884 571 924 616 nr
945 569 1077 624 inaures:
1096 569 1152 614 sen
1173 568 1241 614 neor
1261 567 1425 614 rannnnvn
1446 569 1509 626 ess,
1530 568 1613 625 oven
1632 569 1741 614 snuxrn

878 675 926 720 ¹vn
946 675 998 720 vrn
1020 673 1128 719 maris
1149 673 1249 720 onrnr
1271 673 1428 720 rnnnurvu
1450 673 1534 729 ovon
1557 673 1665 718 vocer.

798 759 827 822 si
850 759 943 844 leges
966 764 1110 824 tractare
1132 759 1254 846 placet,
1276 758 1429 824 veniatur
1451 756 1493 824 ad
1514 757 1599 824 illas.

712 879 763 933 225
799 862 949 950 ‘accipiat
971 861 1189 949 quodcunque
1213 863 1292 929 velit
1315 862 1364 927 vir
1386 861 1477 928 tortis
1501 867 1535 928 et
1556 861 1670 949 optet.³

798 966 860 1032 boo
884 968 973 1054 cupit
997 973 1031 1033 et
1053 987 1189 1053 pauper,
1212 985 1271 1054 pro
1294 972 1370 1032 roto
1392 966 1501 1032 divitis
1524 967 1634 1050 instat,

801 1076 838 1135 ut
860 1077 992 1136 maneat
1014 1071 1072 1137 lex
1094 1072 1162 1136 lata
1184 1077 1286 1157 rogat.
1330 1071 1469 1136 venialis
1491 1071 1601 1158 imago

801 1180 859 1240 aut
880 1175 969 1241 valet
991 1180 1048 1241 sut
1070 1181 1160 1242 certe
1184 1175 1392 1241 simulacrum
1415 1176 1490 1261 lege
1513 1181 1694 1262 perempta

804 1279 931 1345 interea
953 1301 1018 1345 non
1042 1301 1120 1346 aera
1142 1280 1275 1361 micent,
1297 1300 1363 1344 non
1386 1300 1548 1344 marmora
1570 1285 1709 1364 surgant

713 1399 766 1458 230
802 1405 864 1450 nee
887 1383 947 1449 sub
971 1385 1047 1470 lege
1068 1385 1125 1472 pia
1146 1385 1240 1450 fortis
1263 1405 1347 1450 nova
1370 1385 1518 1472 praemia
1539 1391 1686 1470 quaerat,

801 1508 886 1574 quae
903 1488 1036 1554 damnat
1050 1509 1129 1555 mox
1145 1495 1261 1575 sponte
1277 1509 1347 1555 sua.
1386 1509 1456 1554 non
1468 1488 1641 1555 submovet
1655 1509 1799 1575 unquam

801 1593 885 1679 legis
909 1599 1007 1660 cauta
1029 1594 1126 1679 furor,
1150 1615 1246 1680 quam
1270 1591 1350 1660 dant
1371 1613 1431 1680 pro
1454 1593 1552 1660 laude
1575 1594 1739 1681 triumphi.

801 1697 907 1762 instar
929 1696 1055 1762 habent
1076 1697 1180 1764 hostis
1203 1717 1284 1784 quos
1307 1698 1431 1763 sanctio
1454 1697 1546 1762 nulla
1567 1705 1713 1775 coereet;

804 1801 1002 1866 condemnat
1026 1802 1116 1867 solus
1140 1801 1249 1867 civilia
1273 1803 1345 1867 iura
1367 1807 1534 1888 tyrannus.

713 1920 765 1976 235
804 1925 912 1970 nonne
935 1905 1165 1995 triumphantis
1187 1906 1296 1992 legem
1320 1907 1348 1970 si
1370 1905 1454 1971 forte
1477 1905 1638 1994 superbus

802 2015 967 2075 temneret
989 2017 1046 2076 aut
1069 2010 1161 2096 parvi
1183 2008 1332 2098 pendens
1355 2009 1541 2096 quicunque
1563 2016 1713 2096 negaret,

803 2113 983 2200 sacrilegus
1006 2119 1185 2180 temerator
1206 2115 1294 2180 iners
1318 2114 1470 2180 inimicus
1494 2120 1528 2180 et
1550 2113 1653 2180 hostis

801 2217 951 2304 publicus
975 2218 1031 2284 ille
1054 2218 1160 2284 foret?
1193 2219 1304 2304 legum
1327 2225 1455 2284 secreta
1477 2217 1620 2284 tribunal

801 2321 867 2386 iam
890 2327 1040 2408 quateret
1063 2322 1202 2409 strepitu
1224 2323 1363 2402 iuvenis,
1386 2322 1458 2388 fora
1480 2328 1592 2388 nostra
1616 2325 1800 2408 creparent,

715 2441 769 2497 240
804 2426 876 2512 ipse
900 2427 1065 2492 cicatrices
1088 2426 1250 2492 subducta
1272 2427 1379 2493 fronte
1403 2432 1551 2493 recentes

801 2531 945 2616 pectoris
968 2531 1081 2596 effossi
1103 2532 1225 2618 populo
1247 2537 1447 2597 monstraret
1469 2539 1503 2597 et
1524 2529 1609 2612 urbi,

801 2632 942 2700 ‘virtutis
965 2636 1077 2701 laesae
1101 2636 1209 2721 gravis
1234 2642 1284 2700 ost
1306 2635 1426 2701 iniuria
1447 2635 1556 2700 Marti'

802 2737 959 2804 clamaret
982 2759 1041 2825 per
1064 2739 1187 2826 templa
1209 2739 1308 2821 Iovis,
1330 2761 1390 2827 per
1412 2741 1535 2827 templa
1556 2739 1737 2818 Minervae,

801 2839 911 2907 ‘nemo
933 2843 1038 2908 aciem
1062 2842 1190 2926 subeat,
1214 2843 1323 2909 nullus
1346 2848 1537 2931 prorumpat
1558 2843 1592 2909 in
1614 2841 1754 2910 bostem’
1842 2903 1848 2913 .

715 2961 767 3017 245
806 2945 942 3026 diceret,
965 2945 1179 3012 infremerent
1202 2968 1316 3014 omnes
1338 2969 1403 3013 uno
1426 2950 1555 3034 agmine
1578 2949 1676 3014 cives.

802 3051 966 3136 pauperis,
991 3071 1011 3116 o
1033 3071 1195 3137 proceres,
1218 3051 1409 3139 languentia
1432 3053 1516 3118 colla
1539 3053 1653 3118 sinetis

804 3154 963 3220 carnificis
986 3159 1139 3222 truncare
1162 3162 1281 3222 manu?
1303 3177 1369 3222 non
1391 3177 1483 3222 arma
1504 3156 1666 3243 tubasque

713 3345 714 3350 ἵ
803 3258 917 3324 tollitis
941 3265 976 3324 et
999 3259 1114 3324 saltem
1138 3260 1247 3325 civilia
1268 3259 1355 3326 bella
1376 3261 1534 3326 movetis?

803 3361 892 3448 quid,
915 3362 1010 3448 plebs
1034 3369 1155 3444 nostra,
1178 3369 1288 3430 taces?
1312 3364 1403 3430 dives
1426 3363 1630 3453 praeiudicat
1651 3364 1724 3431 urbi

713 3482 765 3540 250
802 3472 836 3532 at
858 3467 981 3553 pariter
1004 3475 1061 3533 tua
1082 3469 1154 3534 iura
1181 3474 1295 3554 negat;
1318 3470 1533 3556 praescriptio
1555 3469 1668 3555 surgit,

804 3589 888 3656 quae
912 3572 1031 3658 populo
1055 3572 1155 3638 vitam
1178 3572 1429 3660 libertatemque
1452 3572 1596 3660 negabit.

804 3695 871 3740 non
894 3676 1036 3762 gemitis,
1059 3697 1125 3741 non
1147 3678 1232 3744 fletis
1256 3677 1374 3758 adhuc,
1398 3699 1464 3743 non
1486 3699 1578 3743 arma
1599 3677 1747 3764 paratis?

801 3778 908 3845 laudis
931 3780 1003 3863 erit,
1025 3781 1142 3864 fateor,
1166 3803 1224 3868 pro
1247 3782 1400 3848 libertate
1422 3781 1545 3868 perire:

803 3903 877 3947 nam
900 3903 958 3969 pro
982 3883 1140 3970 Verginia
1163 3877 1237 3950 curn
1259 3885 1353 3972 plebs
1377 3885 1507 3952 arderet
1529 3885 1563 3950 in
1585 3886 1634 3950 irs

714 4003 766 4057 255
802 3985 923 4052 montis
946 3987 1104 4054 Aventini
1125 3990 1232 4054 tenuit
1255 3989 1404 4055 Romana
1427 4010 1593 4069 cacumen,

802 4111 876 4156 cum
899 4097 995 4178 pater
1021 4093 1189 4179 egregiam
1212 4095 1389 4180 prostravit
1411 4101 1515 4160 morte
1538 4095 1682 4181 puellam

802 4193 972 4281 impietate
995 4197 1080 4282 pins,
1102 4217 1145 4261 ne
1169 4196 1324 4262 (llaudius
1348 4203 1436 4264 esset
1459 4198 1596 4268 adulter.

804 4318 865 4363 nee
888 4303 1027 4386 populus
1050 4301 1134 4367 liber
1156 4307 1251 4388 capto
1273 4301 1315 4368 de
1337 4309 1449 4369 monte
1472 4304 1603 4387 rediret,

807 4401 902 4488 plebs
924 4403 986 4468 nisi
1009 4406 1201 4492 sumpsisset
1222 4426 1296 4471 cnm
1319 4406 1470 4473 libertate
1493 4409 1702 4497 triumphum.

451 4611 637 4679 EPILOGI
718 4629 770 4688 260
807 4610 956 4696 vidimus,
979 4634 997 4678 o
1021 4613 1119 4694 cives,
1143 4614 1297 4701 fugientis
1319 4616 1472 4704 pauperis
1494 4639 1552 4684 ora

804 4739 878 4783 cum
901 4717 1051 4783 manibus
1073 4719 1258 4804 quaesisset
1280 4741 1376 4806 opem
1399 4721 1468 4786 sine
1492 4743 1572 4788 voce
1594 4723 1752 4810 rogantis.

803 4820 944 4886 diximus
966 4819 1082 4887 ‘hostis
1105 4823 1211 4890 adest.
1255 4825 1367 4890 veniat
1389 4825 1439 4889 vir
1461 4825 1553 4891 sortis
1577 4832 1611 4892 et
1632 4826 1729 4909 adsit,

805 4925 897 4990 euius
921 4927 1014 5014 inops
1037 4927 1211 4992 simulacra
1234 4934 1333 5007 tenet,
1358 4929 1410 4993 cui
1433 4949 1529 4994 crura
1551 4931 1682 4996 lacertis

512 5099 564 5153 225
582 5101 652 5153 uolet
669 5119 737 5152 corr.
750 5100 778 5151 io
795 5099 860 5152 uelit
876 5096 936 5163 (cic)
954 5099 986 5150 N
1066 5097 1118 5152 228
1137 5101 1197 5152 olim
1215 5103 1372 5154 corriecerom
1394 5108 1463 5154 carte
1485 5103 1562 5154 simul
1584 5111 1625 5155 est
1646 5120 1705 5155 eum
1727 5104 1785 5169 lege
1804 5111 1935 5172 perempta
2002 5105 2063 5172 lage

409 5189 438 5254 (g
450 5195 565 5240 correcto
577 5205 608 5239 ex
620 5194 646 5240 ct
655 5187 718 5254 ?)N
785 5184 837 5237 229
848 5192 960 5252 surgunt
972 5185 1005 5250 N,
1024 5204 1091 5238 corr.
1105 5186 1186 5239 Dabo
1255 5187 1336 5241 232⁶
1349 5170 1517 5256 Ligurian
1580 5187 1819 5257 234tyramnusN
1887 5187 1940 5242 240
1950 5191 2064 5244 obducta

408 5274 558 5341 Petschenig
634 5271 686 5326 242
704 5273 792 5324 martis
811 5271 841 5322 N
854 5269 922 5336 (sic),
940 5289 1007 5325 corr.
1020 5271 1102 5324 Dalm
1178 5272 1230 5327 243
1247 5275 1365 5327 Clamare
1382 5276 1414 5327 N
1485 5273 1537 5329 245
1554 5276 1719 5328 DicerentN
1788 5273 1839 5328 247
1857 5294 1962 5330 manum
1980 5275 2063 5328 Dodo

443 5359 496 5413 250
513 5367 589 5413 necat
607 5360 640 5425 N,
658 5378 725 5412 corr.
738 5359 819 5410 Dubn
888 5359 1037 5427 proscriptio
1055 5359 1175 5413 Beiram
1261 5361 1352 5416 25414
1386 5365 1452 5414 Nam
1470 5379 1516 5430 pro
1533 5363 1656 5430 vergenia
1672 5363 1709 5415 ric
1726 5364 1757 5414 N

511 5528 563 5586 228
580 5527 759 5585 simulacrum
777 5545 878 5602 anceps
895 5530 1012 5586 dimum:
1029 5547 1087 5586 nou
1103 5531 1215 5603 anae,
1233 5531 1279 5588 aad
1295 5533 1385 5602 solinu
1470 5532 1521 5590 257
1543 5531 1588 5588 Oo.
1600 5535 1657 5590 md.
1671 5537 1697 5604 8,
1709 5541 1760 5590 477
1775 5533 1924 5612 impietate
1942 5531 1992 5611 pia
2009 5535 2062 5594 est

406 5637 441 5703 ss.
456 5634 540 5692 Orant.
555 5641 573 5693 8
