4590 6390
1104 339 1306 419 55155555

773 541 861 605 51555
883 538 1045 621 adulterii,
1069 559 1165 625 quem
1188 538 1272 604 fudit
1293 538 1443 605 adultera
1465 538 1607 604 coniunx

773 665 835 709 nec
857 643 966 708 timuit
989 642 1121 709 foedare
1144 642 1285 722 domum,
1308 642 1473 708 maculare
1495 649 1632 729 penates

687 767 740 822 510
774 748 894 835 impete
917 746 1082 812 mortifero
1106 746 1216 811 subita
1238 768 1313 812 oum
1336 746 1448 812 lraude
1471 746 1618 833 prolana.

775 872 851 917 nam
875 871 937 916 nec
960 850 1081 914 inultus
1105 871 1172 934 ero,
1195 851 1304 916 reniet
1326 851 1377 916 his
1399 870 1505 936 poena
1527 856 1672 916 cruenta.

774 954 831 1020 sed
855 976 896 1020 ue
920 955 1016 1042 plura
1037 953 1162 1039 loquar,
1185 975 1298 1020 verum
1322 961 1374 1020 est
1397 953 1582 1019 Cassandra
1604 955 1728 1020 locuta:

773 1057 897 1124 credite
921 1056 1137 1140 Cassandrae,
1161 1079 1263 1124 verax
1287 1057 1473 1124 Cassandra
1496 1057 1673 1124 sacerdos?

773 1161 867 1244 dixit,
891 1168 924 1227 et
946 1161 1128 1228 abscedunt
1150 1183 1264 1228 omnes
1286 1161 1461 1249 linquendo
1485 1163 1703 1248 sepulchrum.

686 1282 737 1336 515
860 1265 917 1330 illa
939 1271 1036 1330 nocte
1060 1271 1169 1330 tamen
1193 1265 1334 1330 volitans
1357 1266 1614 1350 Agamemnonis
1638 1266 1754 1332 umbra

774 1370 864 1435 venit
886 1370 1067 1435 Athenaeis
1090 1390 1167 1434 mox
1190 1367 1323 1435 sedibus
1347 1367 1447 1454 (altus
1471 1367 1606 1436 Orestes

774 1473 841 1538 illic
864 1473 984 1560 quippe
1007 1472 1077 1556 luit,
1102 1494 1175 1538 cum
1198 1493 1261 1559 quo
1284 1471 1428 1559 Pylades
1451 1475 1591 1540 amicus:

773 1577 903 1642 flatibus
926 1577 1061 1643 alternis
1084 1577 1226 1662 perflans
1249 1583 1435 1644 conmercia
1457 1578 1563 1644 somni

772 1681 880 1746 lassus
902 1687 1040 1767 uterque
1064 1681 1133 1763 luit,
1157 1702 1333 1746 concussus
1356 1703 1468 1748 amore
1490 1683 1693 1770 palaestrae)

687 1801 739 1858 525
773 1791 807 1850 55
830 1785 920 1851 555515
942 1791 1018 1852 5555
1041 1790 1130 1850 55555
1154 1785 1314 1852 ambobus
1337 1787 1426 1852 visus
1441 1786 1574 1853 Atrides

774 1889 807 1953 in
831 1889 963 1970 somnis,
987 1909 1051 1953 non
1075 1889 1180 1974 qualis
1204 1896 1275 1954 erat
1297 1895 1372 1977 post
1394 1889 1481 1956 bella
1503 1891 1719 1977 triumphans,

773 1992 831 2058 sed
855 1992 961 2079 qualis
985 1991 1103 2058 cecidit
1125 2013 1283 2080 percussa
1304 1993 1410 2059 fronte
1432 1993 1582 2081 bipenni;

773 2095 873 2162 tristis
898 2097 986 2162 iners
1009 2096 1178 2176 tremulus,
1201 2097 1325 2182 gemitu
1349 2098 1488 2184 suspiria
1509 2119 1680 2186 rumpens;

774 2199 897 2286 pallida
919 2199 1057 2286 puniceo
1080 2198 1270 2287 perfuderat
1292 2222 1350 2266 ora
1372 2222 1487 2267 cruore

686 2319 738 2374 525
775 2310 808 2369 55
831 2304 987 2369 tremulas
1010 2304 1168 2390 languore
1190 2325 1323 2382 manus;
1348 2305 1475 2372 cervice
1498 2307 1628 2372 vacanti

773 2428 811 2472 ao
833 2406 918 2494 pede
934 2407 1042 2473 uincla
1057 2408 1190 2474 trahens
1212 2409 1329 2494 quibus
1353 2415 1404 2474 ost
1420 2408 1604 2476 abstractus
1628 2411 1670 2476 ab
1687 2412 1772 2496 aula,

772 2510 850 2599 ‘non
873 2510 984 2598 pudet,
1009 2533 1028 2576 o
1052 2503 1205 2592 iuvenes,
1228 2511 1322 2594 dixit,
1344 2511 1556 2599 ‘pubentibus
1579 2515 1681 2580 annis'

773 2615 910 2681 vestitos
933 2615 993 2680 sub
1016 2616 1093 2682 floro
1117 2635 1219 2701 genas
1242 2617 1397 2702 lanugine
1421 2617 1539 2704 crispa,

772 2717 950 2804 grandibus
973 2719 1149 2785 instructos
1173 2719 1289 2785 studiis
1312 2727 1346 2786 et
1369 2720 1507 2786 sortibus
1531 2722 1640 2804 armis,

686 2837 738 2896 530
773 2829 809 2888 55
831 2828 945 2910 555555
967 2844 1042 2889 mea
1064 2845 1168 2909 regna
1190 2829 1281 2890 notet
1302 2831 1471 2910 promotus
1494 2825 1527 2890 in
1550 2846 1627 2892 arce

773 2927 953 3012 sanguinea
975 2926 1137 3008 mercede,
1167 2927 1255 2993 cluat
1277 2927 1336 2994 sub
1361 2929 1495 2994 erimine
1518 2930 1621 2995 multo

778 3031 884 3096 laetus
908 3037 941 3096 et
964 3031 1148 3114 indomitus,
1172 3031 1296 3098 tumida
1319 3033 1445 3098 cervice
1470 3033 1618 3120 supinus,

773 3134 908 3220 plaudat
931 3141 964 3201 et
986 3135 1117 3202 infamis
1140 3157 1197 3202 ros
1221 3137 1285 3202 iam
1308 3137 1387 3223 (non
1411 3137 1534 3222 lamet)
1557 3137 1703 3224 perisse?

776 3239 823 3304 sic
846 3245 923 3325 peto
948 3237 1147 3326 Cecropidas
1170 3239 1348 3307 vindictam
1370 3241 1494 3328 sospite
1518 3247 1605 3322 nato,

686 3360 737 3415 535
772 3343 927 3408 incolumi
950 3343 1075 3430 Pylade
1099 3349 1179 3409 suot
1223 3343 1394 3410 Patroclus
1416 3344 1580 3428 Achillen,

772 3447 902 3514 Thesea
923 3446 1087 3512 Pirithous
1110 3468 1175 3513 non
1198 3449 1245 3514 515
1267 3456 1423 3536 55555555
1447 3451 1579 3515 amarit.

775 3552 892 3619 armati
914 3550 1039 3638 gladios
1062 3553 1095 3616 in
1118 3552 1206 3618 bella
1228 3552 1409 3619 domestica
1431 3553 1515 3620 ferte

773 3662 871 3742 atque
895 3655 1002 3721 adfine
1025 3655 1118 3722 nelos
1141 3663 1281 3742 cognato
1305 3657 1487 3724 abscindite
1510 3658 1613 3723 ferro:

773 3762 899 3826 nullum
922 3761 1045 3827 crimen
1069 3761 1130 3827 erit
1151 3767 1290 3827 matrem
1312 3762 1448 3848 punisse
1471 3768 1659 3838 nocentem

686 3881 737 3938 545
773 3870 876 3931 morte
899 3863 1039 3930 maritali
1064 3863 1260 3932 sceleratam
1282 3866 1352 3930 iure
1375 3866 1519 3936 necabis.

478 4056 530 4110 508
548 4059 659 4111 adulteri
677 4057 703 4108 Β
772 4057 875 4110 adulter
891 4058 987 4109 coniux
1005 4057 1031 4108 B
1099 4055 1151 4110 509
1169 4057 1271 4110 macula
1288 4065 1392 4126 repente
1410 4058 1435 4108 B
1504 4055 1556 4110 510
1573 4073 1632 4110 cum
1650 4054 1685 4122 A,
1702 4065 1765 4110 tunc
1783 4057 1808 4108 Β
1876 4057 1925 4112 511
1946 4061 2032 4112 55514

411 4144 463 4199 510
481 4145 573 4212 loquar
590 4161 621 4196 cc
639 4161 680 4196 -or
698 4143 735 4194 13¹
826 4141 878 4195 514
896 4144 1025 4196 abrodunt
1049 4143 1073 4194 A
1144 4144 1265 4210 liquando
1284 4145 1309 4196 B
1398 4142 1450 4198 516
1467 4145 1532 4198 alter
1549 4144 1700 4198 horestosA
1786 4144 1839 4197 518
1856 4162 1991 4200 commarca
2008 4146 2034 4197 B

411 4233 463 4287 519
481 4234 590 4302 palestre
609 4231 634 4283 B
711 4231 763 4284 500
786 4232 873 4284 5155555
891 4232 1012 4284 55151555
1030 4233 1055 4284 Β
1133 4230 1183 4283 501
1206 4239 1264 4298 5555
1281 4233 1341 4284 5515
1359 4231 1385 4282 Β
1461 4229 1757 4296 5035555515Ρ51555
1835 4229 1886 4284 504
1904 4233 1991 4286 Palles
2009 4233 2034 4283 Β

411 4323 577 4392 perfunderet
601 4321 630 4386 (u
652 4321 703 4372 del.
719 4319 769 4385 13²)
793 4319 818 4370 B
922 4318 974 4373 505
995 4329 1052 4386 post
1074 4317 1125 4372 506
1148 4319 1224 4371 habet
1245 4319 1270 4370 A
1358 4320 1462 4387 vaganti
1484 4319 1544 4386 BA,
1572 4319 1674 4371 correxi
1777 4315 1828 4371 506
1853 4321 1984 4371 abstaotus
2008 4320 2034 4370 Β

409 4407 460 4462 507
485 4409 643 4476 pudentibus
661 4407 687 4458 Β
772 4404 824 4460 508
848 4407 946 4459 Vestite
964 4407 1023 4469 BA,
1049 4424 1116 4458 corr.
1134 4405 1285 4458 Rothmaler
1358 4423 1426 4474 gena
1445 4405 1470 4456 A
1556 4403 1608 4457 509
1626 4405 1755 4459 (1555111555
1773 4405 1798 4456 Β
1886 4403 1938 4456 530
1959 4406 2033 4469 Quod

376 4513 401 4564 p.
421 4514 454 4548 m.
474 4513 499 4547 v.
522 4502 593 4547 tenet
616 4493 648 4546 L.
666 4494 765 4545 Mrtller
855 4509 941 4546 arcem
964 4493 1116 4546 Rothmaler
1219 4491 1269 4544 531
1295 4493 1351 4545 luat
1376 4493 1400 4544 A
1504 4489 1556 4545 533
1580 4493 1692 4545 Plaudet
1713 4501 1739 4545 st
1760 4492 1826 4557 Mai,
1848 4492 1974 4544 Plaudeat
2000 4493 2033 4556 Β,

376 4583 489 4634 Plaudet
512 4581 545 4647 A,
567 4581 686 4634 Gaudent
711 4580 832 4632 Bdlrrem
910 4597 962 4631 non
989 4581 1057 4631 sams
1074 4579 1133 4644 BA,
1160 4577 1232 4642 (5515
1259 4577 1338 4642 fama)
1362 4579 1484 4631 Btthrem
1561 4580 1682 4646 perissem
1709 4578 1734 4629 Β
1811 4579 1908 4632 tumide
1934 4580 2034 4632 cervice

376 4671 485 4736 supinus
511 4669 620 4721 Prodest
641 4669 763 4720 infamis?
789 4683 835 4719 vos
862 4667 913 4718 iam
937 4685 988 4719 non
1016 4669 1086 4719 sama
1108 4673 1219 4733 peruret,
1243 4668 1271 4718 Si
1293 4673 1351 4733 poto
1374 4683 1423 4732 555.
1441 4665 1568 4732 1155515555
1637 4664 1688 4718 534
1715 4667 1741 4717 Si
1766 4671 1825 4732 peto
1848 4663 1881 4726 B,
1903 4666 1980 4732 Spero
1999 4666 2032 4731 A,

378 4754 480 4806 correxi
510 4809 511 4814 ,
549 4754 690 4821 cicropidcs
708 4754 733 4805 Β
801 4751 853 4806 535
870 4753 964 4805 5511155
976 4753 1009 4816 Β,
1028 4754 1148 4805 achillem
1161 4753 1186 4804 A
1257 4751 1309 4805 536
1328 4755 1423 4804 'resera
1440 4753 1586 4820 piritousB
1655 4753 1787 4820 perithous
1804 4751 1829 4802 A
1899 4753 2034 4804 amabitB

412 4839 462 4893 531
480 4841 611 4909 gladioA
698 4838 750 4892 538
768 4847 878 4908 cognoto
896 4839 921 4890 A
991 4841 1121 4892 ascendite
1144 4839 1203 4905 BA,
1225 4857 1292 4892 corr.
1311 4839 1341 4892 L.
1354 4839 1460 4904 Matar,
1484 4840 1611 4892 excindite
1637 4835 1789 4891 Rothmaler
1873 4837 1925 4889 539
1942 4839 2034 4891 hahent

378 4925 489 4978 LHDX
504 4935 579 4993 atquc
596 4944 653 4978 cutm
671 4934 730 4978 ante
747 4925 799 4980 450
869 4927 960 4994 555155
979 4925 1091 4977 LHDX

483 5099 534 5154 518
554 5106 576 5166 1,
587 5105 632 5153 591
650 5111 709 5150 ctam
726 5101 793 5150 acta
887 5097 939 5153 500
962 5095 1039 5165 Vcrp.
1056 5097 1125 5151 Aen,
1143 5103 1166 5166 2,
1179 5104 1229 5152 270
1252 5095 1280 5151 15
1303 5095 1458 5152 somnis...
1482 5095 1588 5152 Hector
1606 5094 1681 5151 risus
1703 5095 1799 5151 adesse
1818 5094 1895 5150 mihi.
1922 5096 1957 5162 cs.
1971 5095 2033 5152 Sea.

384 5201 480 5256 Trood.
495 5207 610 5270 443555.
681 5201 733 5256 500
753 5199 860 5270 055155.
874 5201 931 5256 Ich.
944 5208 967 5267 6,
981 5208 1026 5256 152
1045 5219 1190 5271 percussus
1208 5201 1301 5257 fronte
1319 5201 1437 5271 bipenni
1453 5204 1551 5255 taurus
1621 5201 1674 5256 504
1691 5199 1729 5254 ad
1742 5206 1788 5254 792
1856 5198 2034 5254 5051575555.

380 5313 404 5371 9,
417 5312 466 5360 201
486 5304 652 5374 quaerisque
671 5304 768 5376 iugum
787 5305 895 5361 cervice
914 5305 1027 5361 vacanti
1114 5308 1163 5361 527
1188 5306 1262 5376 Verp.
1273 5307 1341 5361 Aea.
1354 5312 1393 5375 12,
1406 5313 1457 5362 229
1474 5323 1530 5361 555
1549 5305 1644 5375 pudet,
1663 5321 1679 5358 o
1698 5303 1796 5360 Rutuli
1886 5303 1938 5358 508
1959 5303 2033 5372 rep.

379 5411 486 5478 Acme,
501 5417 548 5464 100
565 5426 652 5478 genas
671 5407 795 5463 vestibat
813 5409 878 5464 flore
897 5409 1028 5464 iuventus
1115 5411 1166 5466 530
1184 5411 1292 5466 Lacca
1306 5419 1329 5478 9,
1345 5418 1391 5464 701
1414 5409 1523 5466 tumida
1546 5409 1661 5464 cervice.
1689 5415 1712 5476 9,
1724 5415 1774 5462 589
1792 5407 1899 5462 cervice
1918 5407 2034 5477 supinus

413 5511 756 5581 attrectaretur
779 5513 887 5568 Thesea
911 5512 1044 5570 Pirithoo.
1079 5515 1114 5582 cs.
1126 5515 1198 5584 Vera.
1212 5517 1315 5580 Aemo,
1329 5520 1379 5569 393
1474 5515 1525 5569 538
1542 5513 1610 5568 Stat.
1633 5511 1709 5566 01150.
1723 5520 1748 5580 4,
1760 5517 1811 5566 392
1828 5513 2034 5582 cognatumque

378 5619 455 5674 nefas
