4568 6396
198 790 423 848 EPISTVLAE

397 1191 421 1242 L

226 5143 422 5198 INDICES

466 375 584 440 XLVIII
1177 380 1395 437 PRAEFATIO.

467 581 520 644 epo
541 564 646 627 autem
660 557 877 642 quaestionem
892 555 936 620 -de
958 559 1083 620 auomre
1104 558 1134 620 et
1156 557 1289 640 tempore
1310 553 1420 639 Irpmni
1441 553 1519 620 aliis
1538 551 1719 620 soluendam
1739 553 1886 633 relinquo
1906 554 1943 618 in
1965 552 2016 617 liis
2039 553 2132 618 rebus

465 685 518 732 rna
545 665 552 678 '
588 663 730 728 versatis

517 684 609 832 Nm
635 765 714 849 quid
738 764 853 829 deesset
880 783 920 827 ea
948 761 1150 845 Eiipeniarus
1178 761 1296 826 subieci
1321 765 1351 825 et
1378 760 1532 841 epistulas
1556 759 1640 825 duas
1665 779 1734 824 aem
1763 779 1912 840 respnnso
1937 759 2133 825 Braulionis

464 871 660 952 epistulaque
688 867 820 934 Taionis
842 866 886 931 ad
906 864 1088 948 Eupenium
1108 864 1186 929 data
1207 868 1237 928 et
1254 885 1358 945 parva
1386 865 1581 946 frequenta,
1609 863 1680 928 lieet
1706 864 1764 928 licie
1790 865 1845 928 oia
1867 865 1933 928 sint
1960 864 2063 930 editae
2090 863 2132 928 ab

465 975 533 1054 ipso
554 973 709 1056 Eupenio,
731 971 790 1037 illa
812 990 875 1052 quo
897 971 932 1034 in
954 989 1044 1050 opere
1066 969 1167 1034 maim
1188 967 1358 1034 habuerint
1379 987 1444 1032 nan
1466 972 1590 1034 constet

570 1077 706 1140 traditae
733 1079 809 1139 sunt
836 1074 989 1154 epistulae
1010 1072 1036 1136 I
1052 1075 1082 1136 et
1103 1071 1148 1137 II
1177 1073 1214 1136 in
1248 1091 1374 1152 corpore
1402 1071 1614 1152 epistularum
1644 1071 1852 1149 Braulionis,
1885 1075 2009 1136 seruato
2040 1071 2133 1136 nobis

467 1179 568 1245 codiee
592 1179 780 1261 Lepionertsi
806 1178 851 1242 22
872 1183 975 1260 (nune
994 1177 1063 1259 21),
1084 1175 1123 1240 de
1144 1196 1207 1257 quo
1224 1196 1257 1257 p.
1275 1175 1340 1240 XL
1361 1176 1489 1258 opimus,
1508 1173 1569 1260 fol.
1587 1178 1735 1242 71-74.
1773 1173 1847 1240 inde
1873 1174 1972 1240 edidit
1992 1173 2132 1238 Manuel

467 1282 575 1360 Riseo,
608 1282 743 1362 Espana
771 1279 925 1364 mprada,
957 1284 1028 1344 tom
1054 1277 1158 1342 XXX
1183 1300 1219 1361 p.
1245 1279 1417 1343 328-395
1451 1280 1488 1362 (a
1518 1298 1581 1360 quo
1602 1277 1719 1360 pendet
1745 1279 1858 1362 Mipne
1880 1281 1933 1358 80,
1957 1280 2021 1342 649
2035 1281 2131 1362 sqq).

467 1387 594 1470 Eupent
615 1387 784 1467 epistulam
805 1390 835 1449 et
856 1384 1050 1450 Braulionis
1071 1383 1116 1448 ad
1136 1404 1207 1448 eum
1228 1383 1337 1448 datam
1359 1384 1530 1464 oompomeit
1550 1382 1741 1448 Lorenmm
1768 1385 1823 1466 (ss.
1847 1381 1987 1448 Petrum
2011 1381 2132 1448 I'aleta-

467 1511 583 1554 norum
603 1511 706 1574 opera,
728 1489 753 1555 I
764 1491 807 1552 80
819 1507 886 1570 sqq.
902 1487 976 1551 inde
990 1487 1102 1570 Mipne
1117 1489 1275 1566 87,111).
1312 1507 1365 1570 epo
1380 1487 1485 1568 ipsum
1499 1486 1630 1552 aulioem
1645 1487 1804 1552 malertum
1817 1486 1914 1551 habeo
1934 1509 1956 1552 a
1978 1487 2020 1555 R.
2036 1485 2131 1566 Beer,

467 1595 508 1659 ab
530 1595 631 1659 eodem
653 1592 856 1676 apopraphon
877 1594 946 1656 eius
966 1611 1045 1658 saec.
1063 1590 1205 1670 XVIII,
1234 1591 1365 1656 rodium
1386 1591 1641 1656 Esmerialensem
1662 1591 1847 1656 manasterii
1868 1589 1902 1657 S.
1923 1591 2084 1656 Laurenti
2106 1589 2138 1654 J

467 1699 512 1764 II
532 1701 574 1761 10
596 1697 850 1780 (Hartel-Loeue
872 1696 898 1760 Ι
913 1697 972 1772 83)
989 1694 1050 1781 sol.
1067 1696 1205 1776 oovsqq.

569 1802 635 1866 III
650 1801 788 1883 epistula
803 1799 931 1882 Euperu
951 1799 996 1863 ad
1010 1799 1194 1865 Prota-sium
1215 1801 1341 1862 seruata
1363 1801 1409 1862 est
1430 1800 1466 1861 in
1488 1798 1589 1862 codiee
1603 1797 1778 1863 clarissim
1792 1797 1930 1863 audem
1947 1798 2131 1862 manasterii

465 1905 703 1971 Esauialensis
721 1905 783 1969 dI
792 1907 822 1982 1,
844 1904 926 1968 anni
941 1903 1006 1966 992
1027 1903 1168 1984 (Eioald,
1190 1901 1233 1968 N.
1246 1904 1287 1967 A.
1319 1901 1369 1967 VI
1387 1905 1453 1966 236
1467 1921 1533 1982 sqq.
1556 1901 1796 1967 Hartel-Iaeue
1817 1901 1843 1966 I
1858 1903 1926 1986 13),
1949 1901 1986 1964 in
2001 1905 2128 1983 quater·

465 2011 559 2074 nione
580 2009 705 2073 numito
722 2008 794 2092 sere
815 2008 923 2072 ceteris
943 2007 1112 2072 reoentiore
1133 2005 1203 2090 (fol.
1218 2006 1417 2089 230-235).
1455 2004 1587 2090 Peipero
1607 2006 1781 2071 mirtulerat
1796 2005 1889 2084 Beer,
1911 2005 1991 2070 milii
2014 2006 2130 2070 iterum

466 2113 509 2178 Η.
534 2111 698 2179 Plenlcers.
752 2107 954 2194 apoyruplton
980 2108 1079 2174 linires
1099 2109 1213 2174 codicis
1234 2128 1312 2173 saec.
1332 2108 1444 2173 XVII
1461 2113 1507 2174 est
1528 2109 1592 2173 eod.
1614 2109 1716 2173 Matr.
1742 2109 1831 2174 081
1860 2107 2132 2192 (Hordei-Laetae

465 2218 491 2283 I
506 2217 596 2300 395),
618 2215 754 2298 epistula
776 2215 892 2296 lepiIur
913 2213 970 2293 fol.
986 2215 1078 2278 141&
1123 2217 1152 2277 et
1174 2214 1279 2293 ipsum
1300 2213 1498 2278 contulerunt
1519 2216 1549 2276 et
1571 2212 1655 2277 Beer
1676 2216 1706 2277 et
1727 2211 1889 2277 Plentcers.

569 2319 736 2402 epistelam
757 2322 906 2400 quartam
923 2317 1056 2382 Telonis
1076 2315 1121 2380 ad
1140 2315 1319 2399 Eupenium
1340 2315 1439 2380 edidit
1453 2317 1582 2398 primus
1603 2321 1639 2380 ut
1660 2316 1785 2381 videtur
1807 2315 1988 2397 Stephanus
2002 2317 2129 2382 Baluae

466 2423 618 2507 (Miscell.
634 2423 657 2489 I
662 2423 689 2485 V
707 2422 806 2487 Paris
828 2423 923 2499 1683,
945 2421 1010 2484 397
1024 2423 1116 2502 saa),
1138 2419 1212 2484 inde
1234 2419 1338 2498 Re'soo,
1360 2419 1497 2503 Esparia
1519 2419 1667 2502 Saprada
1687 2419 1818 2484 XXXI
1834 2423 1907 2500 186,
1932 2419 2006 2485 inde
2020 2421 2130 2487 ηιαῑίἰε

466 2548 535 2593 cum
549 2529 666 2592 erratis
680 2527 869 2592 Lorenaona
890 2525 911 2590 l.
927 2525 949 2590 l.
968 2547 1003 2606 p.
1020 2525 1062 2586 90
1085 2523 1212 2607 (eaque
1227 2526 1280 2602 80,
1303 2526 1377 2590 723.
1399 2527 1452 2602 87,
1474 2528 1564 2603 413).
1601 2524 1691 2588 hodie
1712 2544 1799 2589 unus
1820 2527 1945 2588 tanum
1966 2525 2131 2607 antiquior

467 2631 563 2697 eadee
583 2653 652 2697 eam
673 2649 813 2696 sanasse
835 2629 969 2704 videtur,
996 2627 1091 2692 eadee
1116 2647 1194 2692 saec.
1210 2625 1290 2694 XII
1307 2629 1354 2692 uel
1375 2627 1477 2693 XIII
1498 2628 1676 2693 academiae
1701 2629 1800 2692 realis
1827 2628 1978 2694 historiae
2006 2628 2130 2693 Matri-

466 2736 573 2812 tensis,
595 2755 635 2798 ea
656 2754 761 2798 eorum
784 2731 894 2797 ordine
916 2732 973 2813 qui
999 2732 1074 2795 olim
1102 2731 1215 2797 Sancti
1240 2731 1418 2796 Aemiliani
1445 2733 1480 2795 in
1511 2732 1639 2814 Capella
1665 2730 1805 2817 fuerunt
1827 2733 1955 2816 primus
1981 2732 2131 2813 (Hortal-

466 2839 576 2904 Loeioe
597 2837 621 2904 I
633 2859 669 2919 p.
685 2837 752 2900 182
773 2835 814 2921 cf.
836 2835 930 2900 etiam
946 2835 1041 2913 Beer,
1062 2833 1434 2916 Haudsclirillenseledtee
1449 2836 1611 2917 Spaniens
1627 2857 1662 2917 p.
1679 2836 1776 2916 120);
1797 2835 1880 2900 que
1906 2836 1985 2900 milii
2003 2837 2130 2918 partim

465 2941 597 3006 eontulit
614 2941 735 3022 partim
756 2939 922 3020 deser-ipsit
943 2937 989 3003 H.
1006 2937 1171 3004 Plenkers.

568 3048 654 3109 atat
675 3047 778 3108 tamen
799 3043 934 3108 alterius
955 3043 1068 3107 uetusti
1089 3042 1203 3108 codicis
1224 3043 1425 3126 apopraplion
1450 3044 1532 3108 inter
1554 3043 1732 3110 Pereeiana
1758 3047 1794 3110 in
1824 3043 1887 3110 eod.
1919 3065 2007 3109 nune
2038 3044 2128 3110 Tole-

465 3152 541 3212 tano
562 3147 643 3233 opu.
660 3147 789 3228 capitul.
804 3148 857 3211 27.
880 3147 923 3209 24
946 3147 1087 3228 (Euald,
1110 3147 1152 3211 N.
1165 3147 1209 3214 A.
1238 3145 1289 3213 VI
1298 3149 1388 3231 362),
1411 3147 1466 3212 ubi
1482 3149 1618 3214 Taionis
1638 3149 1775 3230 φίςίιιῑα
1797 3149 1911 3231 lepitur
1935 3147 1965 3227 f.
1987 3151 2053 3213 130
2079 3146 2130 3212 ‘ae

467 3251 568 3316 codiee
586 3249 763 3329 Toletano’‚·
784 3249 863 3314 mitri
881 3250 1013 3314 eontulit
1027 3249 1065 3315 P.
1081 3249 1228 3315 Reiamrt
1246 3249 1282 3318 Ο.
1295 3249 1334 3314 Ρ.
1364 3249 1439 3316 Iaso
1461 3252 1526 3315 tria
1542 3253 1730 3330 testimonia,
1743 3251 1904 3317 Batueius
1918 3253 1998 3332 MT,
2021 3253 2129 3334 dupli-

465 3375 528 3420 oem
548 3355 638 3419 nobis
659 3355 810 3436 aperiunt
830 3355 997 3418 memoriae
1014 3352 1155 3439 fontani,
1186 3353 1320 3418 alterum
1343 3355 1379 3417 in
1401 3375 1462 3435 quo
1483 3355 1619 3436 antstula
1648 3357 1758 3421 iuncta
1786 3357 1836 3421 uel
1850 3359 2034 3438 praemissa
2059 3363 2129 3422 erat

464 3459 637 3523 moralibus
660 3459 695 3522 in
717 3457 802 3522 Hiob
825 3458 859 3523 S.
886 3457 1167 3540 GreporiMapni,
1189 3457 1310 3539 dequo
1333 3459 1367 3521 in
1389 3479 1427 3522 ea
1454 3459 1590 3523 maoinie
1611 3461 1731 3542 opiter,
1753 3460 1890 3524 alterum
1912 3461 1968 3526 nbi
1990 3461 2128 3542 epistula

465 3563 565 3626 Iouem
592 3561 724 3626 mutae
746 3563 781 3625 in
804 3563 922 3626 niaiore
944 3566 1124 3625 sanatorum
1145 3563 1193 3626 oet
1215 3581 1321 3644 repam
1342 3560 1562 3642 Hispanorum
1584 3564 1780 3644 epistulario.
1816 3563 1915 3629 huius
1934 3567 2061 3648 penei-is
2083 3572 2130 3633 est

467 3665 499 3729 Τ
515 3675 558 3748 (o.
574 3664 692 3730 Euald
713 3665 734 3729 l.
750 3663 796 3747 1.),
819 3665 910 3729 illius
924 3665 971 3729 Μ
979 3667 1009 3728 et
1023 3662 1143 3728 Baluei
1156 3663 1354 3747 ardietppon.
1390 3663 1549 3729 Balueins
1563 3667 1680 3749 ipsein
1695 3667 1818 3733 elendio
1832 3689 1959 3752 operum
1981 3673 2062 3736 tonw
2073 3671 2133 3737 IV

464 3769 732 3834 rreisoeltaneorum
754 3768 976 3832 recensitomm
998 3765 1097 3852 refert
1118 3787 1150 3832 se
1172 3767 1253 3833 lanc
1274 3769 1441 3848 epistulam
1462 3767 1605 3834 natumst
1626 3767 1677 3834 ‘ea
1697 3773 1794 3835 aeteri
1819 3771 1921 3838 eodioe
1946 3771 2022 3839 MS.
2053 3775 2130 3840 illu·

463 3872 615 3937 strissimi
635 3873 872 3953 Areliepisoopi
885 3871 1112 3936 Biturioensis’
1133 3877 1161 3935 et
1184 3875 1317 3936 testatur
1333 3876 1407 3953 post
1428 3871 1616 3953 descriptam
1637 3875 1804 3955 mutuum
1826 3879 1872 3958 ά).
1889 3879 1969 3960 402)
1990 3877 2131 3963 oifuase

464 3979 500 4041 in
523 3976 623 4042 codiee
642 3979 811 4056 praeurea
832 3975 999 4056 epistulam
1030 3975 1064 4040 S.
1084 3976 1218 4058 Grepori
1243 3975 1288 4040 ad
1314 3976 1500 4041 Leandnem
1528 3976 1720 4058 Episoopum
1747 3978 1986 4060 Hispaniensem,
2017 3982 2130 4048 &inde

460 4081 625 4162 prolopum
646 4097 741 4160 super
762 4079 904 4160 capitula
925 4080 1095 4144 moralium
1117 4079 1199 4143 beati
1223 4081 1367 4162 Grepori.
1415 4101 1505 4162 quem
1533 4081 1674 4145 ordinem
1703 4103 1807 4147 remim
1837 4084 1867 4147 si
1894 4089 2130 4166 eomparaoeris

465 4205 534 4248 enm
555 4183 760 4263 descriptione
782 4182 986 4247 Matritensis
1007 4181 1082 4248 data
1106 4184 1146 4248 ab
1168 4183 1301 4261 Loewio,
1323 4185 1431 4248 statim
1446 4185 1620 4265 perspicies
1641 4185 1860 4252 Baiueianum
1881 4192 1911 4252 et
1930 4188 1977 4253 Μ
1991 4189 2131 4255 eiusdem

464 4306 529 4351 esse
555 4287 667 4367 stirpis
685 4287 833 4367 proxime
861 4290 1015 4368 coenatos.
1060 4307 1129 4352 eum
1151 4291 1254 4352 autem
1276 4287 1485 4367 capitulorum
1511 4307 1676 4352 numerum
1706 4291 1742 4352 in
1764 4288 1950 4356 Batueiano
1975 4311 2009 4356 se
2035 4294 2131 4359 addi-

464 4391 547 4456 disse
573 4391 611 4455 in
642 4390 842 4472 sequentibus
869 4395 915 4475 (p.
942 4393 1021 4474 403)
1051 4393 1178 4454 testetur
1210 4389 1356 4455 ‘Henriei
1382 4391 1511 4456 scatendi
1543 4393 1743 4476 imperatoris
1778 4398 1911 4479 ternpore
1951 4395 2132 4463 Rainerius

463 4495 619 4559 Aretinae
633 4495 777 4558 aetesiae
798 4494 968 4558 canonieus
975 4493 1152 4578 presbyter‘
1173 4514 1229 4558 nec
1243 4494 1346 4558 desint
1360 4494 1452 4558 iunia
1461 4496 1620 4576 plurimos
1634 4516 1803 4562 aarum
1817 4499 1902 4562 inter
1916 4498 2130 4586 Baluriiem1)

464 4603 493 4662 et
515 4598 562 4662 Μ
577 4601 678 4662 oerme
698 4598 929 4677 discrepantiae
950 4599 994 4679 (o.
1001 4619 1037 4682 p.
1052 4597 1127 4678 289,
1143 4602 1173 4662 3.
1189 4599 1256 4680 36),
1278 4599 1484 4664 Balneianus
1505 4605 1599 4682 atque
1620 4601 1663 4664 Μ
1683 4621 1747 4664 non
1771 4601 1851 4666 idem
1873 4608 1920 4667 est
1940 4603 2055 4682 emee,
2077 4605 2133 4670 sed

463 4723 503 4765 en
528 4699 579 4765 Itis
604 4700 724 4765 duobus
752 4701 881 4765 testibus
907 4701 995 4765 nobis
1025 4702 1218 4766 restituenda
1248 4703 1309 4766 erit
1336 4703 1416 4784 fides
1442 4705 1620 4770 vetustioris
1646 4705 1761 4770 codicis
1786 4707 1865 4772 talis
1892 4706 2001 4788 quails
2025 4709 2132 4791 fuisse

466 4804 587 4868 videtur
614 4823 701 4868 nuno
730 4804 887 4868 moeratnes
908 4805 1046 4869 aoadern.
1068 4805 1147 4868 real.
1171 4805 1242 4870 trist.
1266 4806 1349 4870 inter
1371 4807 1570 4872 Aemilianos
1597 4807 1661 4872 aad.
1682 4811 1705 4872 2
1730 4814 1825 4891 (saec.
1847 4810 1912 4888 X),
1941 4831 1969 4877 o.
1994 4811 2131 4878 Hartel-

465 4906 573 4972 Ioewe
594 4907 618 4971 I
633 4928 667 4988 p.
683 4910 756 4971 483.
780 4943 822 4954 -
847 4907 879 4971 Τ
895 4912 998 4972 areum
1018 4909 1116 4989 plane
1138 4909 1226 4974 alius
1249 4911 1373 4990 perieris
1402 4929 1479 4987 esse,
1509 4914 1537 4973 et
1563 4916 1742 4992 mnspeetiis
1767 4914 1933 4978 eariamem
1964 4915 2132 4980 lectiomm

464 5015 571 5093 aperte
592 5010 791 5090 demonstrat,
815 5013 898 5076 veru
919 5013 1046 5076 videndi
1064 5033 1098 5094 p.
1116 5015 1190 5092 289,
1207 5017 1236 5077 6.
1259 5015 1305 5076 18.
1321 5013 1373 5077 25.

568 5116 606 5180 de
628 5116 729 5180 uariis
749 5135 827 5197 quas
847 5116 959 5180 addidi
981 5115 1146 5195 indicibus,
1171 5137 1260 5198 opere
1282 5117 1417 5181 taedioso
1438 5117 1494 5181 sed
1514 5123 1550 5182 nt
1570 5139 1660 5199 spero
1682 5121 1758 5185 utili
1779 5121 1887 5200 doctis,
1910 5122 1966 5186 oie
1987 5123 2133 5204 estquod

462 5219 611 5301 pluribus
641 5219 805 5286 disseram.
854 5225 959 5284 tamen
992 5219 1093 5285 libens
1121 5222 1230 5286 inuio
1254 5222 1403 5302 profiteor
1424 5221 1615 5287 Barroinslei
1642 5223 1810 5308 Rosslerpi
1837 5223 1985 5307 westnofi
2016 5227 2133 5294 libellis

571 5495 597 5554 1)
615 5493 716 5547 lomim
734 5511 822 5549 imma
835 5498 932 5565 punitis
954 5499 999 5552 ria
1016 5515 1083 5567 opus
1100 5501 1149 5553 erit
1171 5514 1312 5567 exponere,
1338 5499 1409 5552 inter
1425 5499 1550 5553 lectiones
1573 5517 1591 5552 a
1615 5516 1655 5552 me
1677 5516 1738 5554 mem
1759 5500 1866 5555 nomine
1888 5501 1989 5556 Baium
2016 5517 2050 5557 ea
2075 5505 2134 5558 eius

466 5577 582 5632 alitione
597 5580 698 5633 relatm
711 5587 820 5648 praeter
843 5582 964 5638 lediornes
986 5584 1085 5639 codicis
1103 5586 1195 5639 iniisti
1218 5602 1272 5639 non
1287 5601 1395 5653 paneas
1419 5601 1472 5638 esse
1490 5586 1576 5652 ipsius
1594 5585 1694 5639 Baluei
1717 5586 1914 5642 arundationes
1935 5589 2018 5644 tacite
2035 5595 2133 5644 eontra

465 5663 547 5730 tidem
565 5663 666 5720 audicio
683 5667 785 5721 cordati
802 5671 885 5723 uuae·
903 5670 1038 5726 inruisses.
