4568 6396
398 391 490 447 XXVI
1120 385 1335 443 PRAEFATIO.

434 569 471 620 II
492 567 626 620 704-706
694 562 720 614 Β
746 561 768 612 C
790 593 823 602 -
995 562 1051 614 ΙΙΙ
1069 565 1202 615 250-479
1272 564 1298 614 Β
1315 593 1349 602 -
1368 591 1399 602 -·
1608 561 1661 614 ΙΙΙ
1688 567 1734 614 612

493 655 626 706 707--712
695 649 721 699 Β
738 678 772 686 -
790 679 823 687 -
1071 651 1130 701 480.
1149 653 1197 700 481
1271 649 1297 702 Β
1321 650 1344 702 0
1364 679 1400 688 -
1686 651 1735 700 613

534 740 579 790 713
696 737 722 786 Β
747 736 769 788 O
789 765 822 773 -
1107 739 1161 787 482
1271 737 1297 788 Β
1314 765 1348 775 -
1367 765 1400 774 --
1648 737 1779 786 614-617

490 827 619 878 714-795
694 821 720 878 Β
737 851 770 858 -
789 851 822 859 -
1109 827 1160 876 483
1331 855 1342 873 a
1648 825 1705 873 618.
1728 825 1775 873 619

497 915 552 963 796.
573 913 622 961 797
694 909 719 958 Β
745 907 767 958 0
789 937 822 945 -
1108 913 1159 962 484
1643 910 1782 960 620-692

493 999 551 1050 798.
571 999 617 1047 799
694 994 720 1044 Β
737 1023 771 1031 -
789 1023 822 1030 -
1068 999 1127 1049 485.
1146 999 1200 1048 486
1645 997 1702 1046 623.
1729 997 1779 1044 694

488 1087 550 1137 800.
569 1085 619 1134 801
695 1078 721 1130 Β
746 1081 768 1131 C
789 1108 822 1116 -
1071 1086 1128 1134 487.
1148 1085 1199 1134 488
1644 1082 1780 1132 625-630

530 1171 582 1220 809
694 1166 720 1218 Β
737 1195 771 1203 -
789 1195 823 1204 -
1069 1173 1130 1221 489.
1150 1172 1204 1220 490
1370 1195 1400 1204 --
1690 1169 1737 1217 631

491 1257 626 1308 803-805
695 1252 721 1303 Β
747 1253 769 1304 O
789 1281 822 1289 -
1070 1257 1200 1306 491-629
1648 1255 1782 1304 632-642

488 1344 549 1394 806.
574 1343 626 1393 807
694 1339 720 1389 Β
737 1367 770 1376 -
789 1367 823 1375 -
1067 1342 1205 1393 530-546
1646 1341 1783 1390 643-649

531 1431 583 1480 808
696 1424 721 1476 Β
746 1425 769 1477 O
789 1454 823 1462 -
1112 1430 1163 1478 647
1650 1428 1782 1476 660-661

489 1516 626 1568 809-818
695 1511 721 1562 Β
738 1539 771 1548 -·
790 1540 823 1548 -
1070 1515 1207 1565 548-557
1650 1514 1708 1562 662.
1726 1513 1773 1562 663

1070 1601 1201 1652 558-563
1688 1601 1737 1648 664

452 1685 604 1737 1111-23
694 1683 720 1734 Β
740 1713 774 1721 -
798 1685 823 1734 A
1112 1689 1161 1737 664
1690 1687 1739 1733 665

539 1776 572 1824 24
695 1770 721 1821 Β
737 1799 771 1806 -
789 1799 824 1807 -
1111 1775 1161 1824 566
1650 1770 1780 1822 666-669

510 1862 553 1910 26.
571 1861 603 1910 26
695 1856 720 1907 Β
741 1885 774 1893 -
798 1857 823 1908 Δ
1074 1861 1132 1909 666.
1152 1861 1201 1910 567
1651 1862 1783 1914 670-673

510 1947 610 1996 27-97
695 1943 721 1994 Β
737 1971 771 1980 -
789 1971 823 1980 -
1071 1948 1203 1997 568-571
1650 1950 1783 1998 674-677

539 2033 574 2080 98
696 2029 721 2079 Β
747 2027 770 2079 0
790 2057 824 2065 -
1072 2033 1205 2082 579-577
1687 2036 1738 2084 678

510 2119 625 2168 99-124
695 2115 722 2167 Β
738 2143 772 2151 -
790 2143 823 2152 -
1109 2119 1159 2170 678
1648 2123 1779 2170 679-719

495 2205 624 2254 125-127
695 2201 721 2252 Β
740 2230 774 2238 -
799 2202 823 2253 Α
1071 2207 1204 2256 679-590
1651 2206 1779 2257 720--725

495 2292 627 2342 128-909
1112 2294 1157 2342 691
1695 2293 1739 2340 726

533 2380 584 2428 210
1070 2380 1130 2428 692.
1148 2379 1200 2428 593
1652 2377 1779 2427 727-734

535 2465 581 2512 211
1069 2465 1205 2516 694-698
1656 2464 1709 2514 736.
1729 2465 1774 2513 736

536 2551 585 2598 212
1070 2550 1201 2600 699-601
1654 2551 1783 2599 737-744

495 2637 624 2686 213-915
1110 2637 1162 2686 602
1652 2637 1785 2686 745-748

494 2723 629 2772 216-918
1072 2722 1208 2772 603-607
1692 2724 1740 2771 749

493 2809 631 2859 219-247
1076 2809 1134 2858 608.
1152 2809 1205 2856 609
1320 2833 1350 2842 ·-
1654 2811 1779 2859 750-755
1852 2804 1878 2855 Β
1904 2803 1927 2856 0
1948 2833 1982 2842 —

497 2896 558 2945 948.
579 2895 629 2944 249
1073 2896 1130 2944 clo.
1150 2896 1196 2942 611

505 3187 585 3248 quae
606 3165 710 3230 adbuc
729 3164 952 3245 descripsimus
974 3167 1003 3228 et
1022 3163 1252 3245 disputavimus
1273 3183 1313 3228 ex
1334 3163 1377 3228 iis
1394 3162 1495 3246 facile
1509 3164 1703 3246 eoouoscitur
1724 3165 1849 3229 nullum
1871 3165 2064 3246 exquirique

377 3253 379 3258 '
402 3271 516 3354 quimus
538 3269 669 3334 caucum
691 3268 742 3332 ar
767 3269 918 3332 armena
938 3267 1017 3350 666
1036 3269 1161 3332 666·
1187 3267 1314 3332 6666
1337 3265 1466 3333 aona
1488 3267 1571 3348 66.
1595 3266 1680 3332 sucu
1708 3287 1740 3332 a
1766 3267 1806 3332 6
1836 3268 1901 3332 66
1916 3267 2063 3348 auare,

403 3391 508 3438 omnes
529 3373 580 3437 sui
602 3391 666 3437 esse
689 3373 780 3438 iuris.
826 3371 990 3450 diffieilior
1012 3375 1110 3435 restat
1132 3370 1371 3452 quaestionum
1393 3370 1467 3434 olim
1488 3369 1599 3451 aliona
1623 3373 1653 3434 et
1674 3370 1765 3452 quali
1782 3368 1908 3454 fuerint
1929 3389 2063 3435 consan-

401 3476 557 3560 puinitote
579 3475 746 3540 coniuncti.

507 3579 537 3642 si
559 3599 628 3644 cum
650 3599 728 3644 cura
743 3578 958 3659 perlustrabis
972 3579 1154 3642 uarietatem
1169 3577 1344 3654 lectionum,
1368 3597 1463 3658 quam
1485 3577 1529 3640 66
1542 3576 1747 3641 hexaemeron
1763 3577 1888 3660 Eupeni
1903 3581 1932 3642 61
1947 3577 2064 3643 librum

396 3683 540 3764 primum
573 3680 731 3746 Draconti
761 3681 1000 3767 adscripsimus,
1036 3699 1101 3744 non
1129 3684 1157 3744 tc
1182 3679 1283 3762 sapiet
1310 3679 1432 3760 aliquot
1458 3681 1533 3745 locis
1554 3681 1670 3744 mirum
1696 3681 1730 3743 in
1758 3681 1881 3744 modum
1903 3683 2063 3746 66661666

402 3786 528 3868 Eumeni
543 3785 659 3850 codiecs
680 3789 709 3848 et
723 3783 881 3850 Draconti
895 3783 1147 3848 Bruxellensem.
1185 3783 1268 3846 nibil
1282 3782 1435 3864 ponderis
1450 3785 1616 3848 tribuerem
1639 3785 1714 3850 loeis
1728 3785 1812 3849 uelut
1826 3787 1855 3863 1,
1869 3785 1935 3848 200
1951 3785 2065 3850 laedat

402 3890 437 3955 Β
458 3889 540 3970 Eup,
556 3909 620 3970 pro
642 3889 785 3973 laedant,
808 3888 855 3953 ael
878 3888 941 3952 675
956 3889 1170 3972 languescunt
1192 3885 1241 3969 (Β
1262 3887 1362 3971 Eup.)
1379 3908 1442 3970 pro
1456 3885 1675 3952 Dracontiano
1690 3888 1912 3974 languescant,
1936 3890 2064 3954 661322

403 3993 554 4078 Frigidus
576 3991 610 4056 Β
632 3991 715 4076 Eua
732 4013 795 4073 pro
810 3993 982 4076 Phrygius,
1004 3991 1051 4056 ael
1072 3995 1135 4056 744
1150 3991 1305 4076 Inpendis
1327 3991 1361 4055 Β
1382 3991 1463 4073 Eup.
1482 4011 1544 4075 pro
1559 3992 1734 4077 Impendas,
1756 3994 1804 4057 ael
1826 3993 1898 4070 500,
1921 3993 1977 4058 nbi
2000 3994 2063 4057 lam

403 4096 439 4160 in
466 4095 593 4176 Eupeni
614 4095 715 4159 codice
742 4095 932 4160 destructum
956 4095 1057 4174 fuisse
1079 4095 1202 4159 6166166
1223 4115 1334 4158 rarum
1349 4095 1529 4160 uocabulum
1547 4097 1735 4179 amulium,
1758 4097 1806 4161 vel
1827 4100 1891 4161 300
1913 4098 1968 4161 ubi
1990 4101 2064 4162 ante

404 4203 566 4283 temperat
588 4197 753 4279 Eupenlus
774 4218 839 4263 non
861 4198 925 4262 iam
947 4197 1027 4261 uidit
1050 4217 1151 4262 uocem
1174 4199 1208 4260 in
1230 4197 1264 4261 Β
1286 4217 1405 4279 quoque
1427 4199 1577 4262 amasam
1601 4207 1759 4285 tempore,
1783 4201 1922 4278 661282,
1945 4201 1982 4264 in
2004 4220 2065 4282 quo

403 4321 495 4365 uersu
511 4321 573 4380 pro
592 4300 734 4386 Massyla
750 4301 782 4365 B
790 4301 922 4382 praebet
936 4301 1078 4386 marsylu
1098 4320 1196 4381 neque
1210 4299 1376 4384 Enpenius
1397 4301 1552 4384 inteprum
1570 4301 1720 4387 ferarum
1739 4303 1892 4384 epitheton
1908 4305 2065 4368 inuenisse

404 4403 527 4467 uidetur
549 4423 617 4468 eum
639 4405 785 4468 scriberet
806 4403 1003 4467 maxilla-
1023 4403 1081 4481 bis,
1104 4404 1245 4483 inquam,
1268 4403 1343 4468 locis
1365 4423 1429 4467 non
1452 4404 1634 4486 confiderem
1657 4407 1693 4470 in
1714 4407 1831 4472 indicio
1848 4405 2009 4492 faciendo,
2030 4409 2066 4471 at

405 4510 554 4587 quattuor
584 4511 705 4571 restant
735 4527 843 4572 66666
875 4508 931 4588 qui
963 4507 1043 4570 mibi
1064 4505 1201 4586 probare
1230 4506 1377 4570 videntur
1406 4506 1441 4570 id
1467 4508 1550 4590 quad
1576 4528 1641 4574 non
1670 4516 1918 4594 expectaueram,
1949 4511 2066 4575 scilicet

404 4611 646 4676 Bruxellensem
669 4611 801 4677 codicem
823 4612 992 4695 templaque
1015 4611 1138 4692 quidem
1159 4610 1279 4694 prada,
1301 4615 1336 4676 at
1358 4615 1461 4676 tamen
1484 4611 1586 4676 redire
1608 4613 1652 4678 ad
1675 4616 1777 4693 ipsum
1799 4613 1883 4678 illud
1902 4615 2065 4694 exemplar

403 4735 442 4779 ex
464 4735 523 4796 quo
546 4715 673 4797 Eupeni
694 4716 788 4780 codex
810 4716 941 4780 mutilus
963 4713 1205 4779 Dracontianus
1226 4715 1400 4794 descriptus
1427 4719 1481 4780 est.
1520 4718 1664 4795 primum
1686 4736 1750 4780 nan
1772 4717 1862 4781 eredo
1884 4717 2065 4799 Enpenium

403 4839 431 4884 a.
446 4817 512 4882 255
534 4838 688 4882 ausurum
710 4818 816 4904 fuisse
845 4819 1037 4899 interpolare
1061 4838 1123 4900 pro
1154 4815 1255 4882 Sexta
1288 4818 1357 4882 dias
1390 4819 1485 4884 verba
1514 4820 1591 4906 Ipsa
1614 4821 1697 4902 dies,
1726 4821 1792 4884 nisi
1819 4822 1855 4885 in
1887 4839 1944 4884 sno
1965 4819 2065 4884 codice

404 4920 551 4984 similiter
566 4925 602 4984 61
623 4923 659 4986 in
673 4922 707 4988 Β
723 4923 892 4987 invenisset
905 4925 1087 5000 corruptum
1101 4920 1203 4996 Exla3
1227 4921 1339 4987 deiude
1362 4928 1494 5004 apparet
1508 4945 1536 4987 a.
1552 4923 1617 4986 205
1634 4923 1813 5006 Eupenium
1834 4924 1897 4988 sibi
1911 4924 2065 5005 mrcipere

404 5024 505 5087 nisum
527 5043 591 5089 esse
617 5045 697 5106 qnae
720 5027 840 5090 tradita
862 5026 1026 5090 inuenerat
1053 5044 1122 5089 cum
1143 5025 1289 5091 scriberet
1312 5026 1446 5107 Cetera,
1473 5027 1629 5092 invenisse
1652 5032 1755 5092 66166
1778 5029 1906 5092 Littora
1933 5028 1994 5111 (sic
2015 5027 2065 5106 Β)

403 5130 462 5192 661
482 5128 585 5191 munile
606 5133 795 5213 66661666,Ι
822 5135 889 5195 166
909 5128 1021 5194 6252
1038 5149 1100 5209 pro
1120 5131 1260 5212 9666166
1283 5130 1410 5193 lectione
1431 5128 1491 5194 Est
1512 5152 1595 5195 unus
1623 5131 1659 5194 in
1681 5131 1892 5195 Bruxellensi
1917 5129 2066 5195 babemus

404 5229 580 5315 Estudiis,
602 5230 767 5314 Eumenius
798 5237 893 5298 16166
914 5231 1038 5315 quidem
1061 5234 1247 5298 sententiam
1276 5230 1476 5317 defmnrauit,
1508 5237 1647 5297 adaman
1675 5233 1814 5297 sublucet
1839 5232 1942 5297 adbuc
1978 5232 2067 5296 lectio

406 5333 569 5416 archetypi
584 5335 691 5400 eadem
706 5356 786 5418 quae
806 5339 842 5401 in
856 5338 890 5402 B
912 5340 966 5416 est,
989 5356 1084 5417 quam
1100 5337 1203 5400 16666
1216 5335 1381 5418 Eupenius
1393 5335 1662 5420 interpretabatur
1684 5337 1744 5400 Est
1765 5336 1890 5413 viridis3
1908 5339 2065 5416 postrema

408 5439 444 5502 in
468 5439 532 5503 loeo
554 5438 591 5504 de
612 5441 724 5522 tipride
747 5441 858 5506 orbata
879 5462 907 5506 v.
923 5443 987 5505 311
1009 5440 1104 5505 uerba
1125 5446 1221 5504 vento
1249 5439 1353 5506 fetata
1376 5441 1491 5504 marito
1519 5441 1556 5504 in
1577 5439 1612 5504 Β
1634 5445 1781 5521 corrupta
1809 5443 1885 5504 sunt
1914 5443 1949 5504 in
1971 5443 2064 5504 unua

406 5540 508 5606 fetata
530 5543 663 5627 marito,
694 5545 795 5610 simile
816 5549 921 5609 autem
942 5543 1087 5608 mendum
1105 5543 1268 5622 probabile
1295 5547 1340 5607 est
1366 5544 1402 5608 in
1432 5563 1529 5608 eausa
1554 5541 1659 5627 fnisse
1685 5547 1720 5607 61
1746 5543 1912 5626 Eupenius
1939 5563 1979 5606 ex
2006 5563 2066 5608 sna

405 5644 556 5725 facultate
584 5651 613 5711 et
628 5648 784 5728 prosodia
805 5648 894 5712 daret
916 5647 1005 5710 venit
1032 5666 1070 5709 aa
1101 5645 1168 5709 feta
1191 5646 1318 5710 marito.
1370 5647 1464 5710 etiam
1494 5645 1557 5712 515
1585 5645 1668 5727 quod
1689 5666 1751 5726 pro
1773 5645 1895 5730 psyllus
1918 5647 1952 5713 Β
1973 5645 2067 5712 babet
