4568 6396
529 415 564 470 II.
595 414 642 469 DE
660 412 850 469 DRACONTI
869 413 1097 470 CARMINIBVS
1116 412 1307 468 CODICIBVS
1325 412 1569 468 EDITIONIBVS.
1787 417 1880 472 XXIX

214 593 340 676 paqina
361 590 508 656 exhibent
530 589 727 670 quaestiones
753 591 783 652 et
804 607 955 669 responso
983 587 1135 653 derebus
1162 586 1368 651 arithmeticis
1394 587 1513 668 scripta
1540 587 1646 652 eadem
1675 609 1775 654 manu
1801 610 1881 672 quae

221 696 361 761 cernitur
383 692 408 773 f.
425 693 541 774 139sq.
584 691 639 771 fol.
657 695 739 755 143·
762 693 874 773 incipit
888 691 1066 770 satisfactio
1088 691 1157 755 sine
1179 691 1245 754 ullo
1267 690 1368 767 titulo,
1390 711 1470 772 quac
1490 691 1566 772 finit
1584 692 1645 777 fol.
1661 691 1743 755 150·
1764 694 1800 758 in
1822 694 1881 760 bae

220 799 446 879 subscriptione
467 797 571 879 niqris
596 796 777 861 uncialibus
795 796 973 877 perscripta
994 794 1138 879 Explicit
1160 793 1338 858 satisfactio
1362 793 1527 859 Dracontii
1552 795 1595 860 ad
1614 793 1880 864 Guthamundum

219 923 332 990 regem
356 899 601 966 Gusndalorum
624 900 702 963 dum
725 905 812 963 essct
834 900 867 962 in
889 899 1034 963 vinculis.
1069 898 1169 979 paula
1190 897 1284 982 infra
1306 915 1422 961 99993
1443 898 1546 962 altera
1567 898 1738 981 adscripsit
1756 922 1881 967 999399

223 1008 313 1072 cuius
334 1025 398 1070 uon
420 1005 481 1088 1999Ι
502 1004 569 1067 nisi
590 1003 666 1068 baec
687 1003 782 1067 uerba
803 1002 843 1066 Ei
865 1002 964 1067 michi
988 1001 1075 1087 quod
1098 1000 1238 1066 domino.
1281 1002 1317 1064 in
1339 1005 1477 1066 extrema
1493 1003 1619 1084 popina
1634 1005 1775 1068 cernitur
1796 1005 1881 1071 indi·

221 1111 302 1175 aium
313 1110 502 1191 possessoris
516 1107 618 1172 Liber
634 1106 825 1192 scc(lesia)e
840 1106 972 1170 maioris
986 1103 1279 1190 Ben(sventans)s.
1314 1105 1351 1168 in
1365 1105 1494 1187 anqulis
1508 1107 1723 1186 superioribus
1733 1107 1794 1193 fal.
1807 1112 1879 1177 143.

224 1213 384 1278 144145
411 1212 520 1276 inveni
547 1229 693 1276 numeros
716 1209 868 1294 foliorum
898 1214 949 1273 sat
975 1211 1110 1290 antiquo
1140 1227 1239 1272 mann
1263 1207 1404 1289 adpictos
1430 1210 1460 1274 1.
1489 1210 1521 1273 2.
1548 1213 1580 1276 3.
1608 1211 1761 1276 carminis
1787 1213 1881 1278 uerbo

220 1337 297 1384 raro
311 1321 401 1401 (noto
415 1316 552 1381 maxime
566 1335 595 1378 9.
612 1317 663 1378 14.
680 1315 733 1378 39.
748 1315 824 1380 241.
839 1314 919 1396 289)
934 1314 1072 1377 correxit
1086 1330 1201 1376 99993
1214 1310 1351 1376 secunda
1366 1313 1480 1392 etipsa
1494 1313 1629 1394 antiqua
1637 1335 1649 1394 ;
1669 1315 1794 1381 nullius
1806 1320 1883 1381 suut

221 1422 319 1504 pretii
340 1425 431 1486 notae
454 1437 569 1483 manus
592 1418 717 1496 tertiae,
748 1437 828 1499 quae
853 1417 890 1481 in
916 1417 1060 1498 marqine
1086 1415 1212 1480 addidit
1238 1415 1317 1480 talia
1340 1437 1367 1480 o.
1383 1415 1426 1480 31
1450 1415 1491 1480 ds
1514 1415 1767 1502 Nabuchodon,
1796 1441 1822 1484 o.
1839 1422 1881 1484 69

223 1525 484 1590 (1919939981
515 1523 557 1588 dc
587 1522 656 1588 sols
681 1542 743 1604 eqs.
792 1541 908 1586 99993
925 1521 1052 1602 primae
1077 1521 1259 1585 litteratura
1284 1523 1330 1584 est
1353 1520 1549 1600 pulcerrima
1575 1520 1815 1601 Beneventano,
1845 1525 1881 1590 in

223 1629 274 1696 bis
295 1629 418 1694 duabus
439 1627 533 1692 rebus
563 1627 614 1692 bic
636 1626 703 1692 illic
725 1626 859 1692 obnoxia
881 1625 999 1689 errori:
1028 1629 1042 1688 t
1064 1629 1128 1688 tam
1144 1624 1240 1708 plene
1255 1624 1405 1706 piuqitur
1426 1627 1463 1687 ut
1484 1624 1585 1709 facile
1609 1645 1668 1706 pro
1696 1631 1729 1690 ct
1759 1627 1882 1710 leqatur

222 1737 273 1816 (at
293 1753 342 1798 erc.
355 1753 404 1817 qr.
421 1753 448 1798 9.
466 1735 486 1794 1
507 1751 572 1796 999
596 1732 677 1796 inest
699 1732 734 1794 in
757 1729 857 1795 codice
881 1727 1056 1811 condictu,
1080 1732 1116 1792 ut
1138 1729 1212 1810 leqit
1234 1727 1360 1805 Kuibel,
1383 1728 1438 1792 sed
1459 1729 1633 1812 conditor),
1656 1730 1768 1795 1919919
1789 1731 1812 1796 fi
1833 1733 1881 1797 ita

222 1840 366 1922 liqantur
386 1840 422 1900 ut
443 1836 592 1901 incautus
614 1835 676 1899 sibi
698 1834 726 1898 si
748 1834 846 1916 leqere
868 1831 1021 1910 rideatur,
1045 1831 1129 1896 oelut
1149 1851 1178 1895 o.
1196 1831 1259 1894 163
1280 1851 1346 1895 non
1368 1832 1410 1895 sit
1430 1830 1520 1896 babet
1550 1832 1585 1910 V,
1608 1833 1662 1898 sed
1682 1833 1728 1900 fit.

316 1939 464 2007 Vaticani
475 1940 582 2025 frater
596 1937 741 2003 Gallicus
756 1936 909 2002 osteodes
923 1955 1009 1999 nunc
1023 1933 1345 1999 Darmstadensis
1359 1937 1454 1999 3303.
1486 1935 1524 2000 de
1539 1935 1590 2001 liis
1597 1937 1691 2022 foliis
1706 1938 1880 2020 Wimpfcn·
1899 1959 1933 2012 ι)

221 2045 308 2111 sibus
317 2051 418 2126 (nunc
427 2041 572 2109 Damnst.
589 2043 685 2107 3149.
701 2042 796 2105 3301.
812 2040 913 2118 3303)
929 2059 958 2104 o.
973 2037 1017 2104 E.
1029 2036 1196 2103 Ditmmler
1210 2038 1253 2102 N.
1269 2038 1312 2102 A.
1330 2043 1380 2116 11,
1397 2043 1510 2120 77399.
1544 2038 1698 2123 foliorum
1716 2041 1787 2124 biqa
1802 2063 1882 2124 quae

222 2168 307 2214 9999
329 2148 576 2213 tolerastis
598 2146 717 2227 scriptu
738 2148 783 2209 est
804 2164 882 2209 saec.
899 2141 957 2208 IX
976 2163 997 2206 a
1019 2161 1118 2206 9999
1139 2142 1221 2206 docti
1245 2143 1345 2208 Galli.
1387 2143 1561 2207 Mamaeum
1583 2144 1756 2210 liberaliter
1777 2150 1882 2213 trans·

222 2254 320 2319 missa
334 2253 516 2335 fraqmenta
531 2251 597 2331 ipse
615 2248 748 2314 excussi.
785 2247 921 2312 continet
931 2245 961 2330 f.
979 2247 1086 2310 1-2·
1105 2247 1202 2326 finem
1218 2249 1371 2311 tractatus
1389 2247 1527 2311 alicuius
1540 2251 1748 2331 qrammatr'ci,
1770 2250 1882 2317 deinde

221 2360 261 2422 2·
287 2358 346 2422 lin.
361 2357 406 2421 22
434 2354 549 2420 litteris
577 2353 720 2418 minimis
748 2351 987 2433 epithalamium
1008 2349 1191 2414 anecdotum
1220 2349 1315 2414 medii
1342 2353 1413 2416 aevi
1441 2351 1571 2417 Felices
1599 2354 1777 2440 iunguntur
1804 2376 1880 2422 cccc

221 2460 401 2528 Benedicto
429 2457 563 2524 loedere
592 2457 735 2543 Sponsus
763 2461 862 2539 atquc
885 2475 1004 2539 sponsa
1030 2453 1109 2536 sibi,
1142 2453 1225 2536 quod
1250 2455 1466 2536 recoquiturus
1492 2459 1538 2519 est
1564 2455 1601 2520 P.
1625 2457 1661 2522 de
1691 2456 1883 2540 Winterfeld

220 2567 257 2630 in
285 2564 346 2630 IV
364 2563 521 2629 volumine
542 2559 665 2640 PMA,·
688 2563 753 2624 tum
772 2557 832 2642 fol.
849 2561 888 2621 3·
910 2558 1024 2638 incipit
1047 2555 1222 2622 conflictus
1245 2560 1330 2622 veris
1353 2564 1387 2623 ct
1408 2558 1526 2623 hiemis
1553 2559 1661 2640 (Beda
1682 2561 1729 2628 cd.
1750 2563 1840 2630 Giles
1861 2563 1886 2629 Ι

217 2691 253 2752 p.
268 2669 338 2748 35).
382 2665 494 2732 deiude
516 2665 646 2749 leqimus
664 2663 726 2749 fot.
741 2666 782 2728 3·
803 2661 923 2747 Incipit
945 2660 1122 2726 satisfactio
1139 2661 1279 2726 Traconi
1298 2663 1373 2746 (sic)
1396 2662 1439 2727 ad
1454 2661 1742 2730 Gunthamundum
1757 2687 1881 2753 regam.

221 2775 258 2837 in
279 2771 400 2837 duobus
422 2769 587 2836 ordinibus
614 2773 689 2834 sunt
705 2767 878 2849 perscripti
900 2788 927 2831 9.
945 2768 1066 2845 1-80,
1097 2769 1163 2830 tum
1188 2767 1264 2848 finit
1282 2767 1409 2848 popina
1436 2772 1466 2832 et
1488 2769 1640 2834 carminis
1656 2768 1882 2854 fraqmentmm

221 2897 320 2958 neque
341 2894 491 2957 999999
512 2873 652 2954 amplius
674 2872 709 2935 in
731 2869 831 2936 codice
848 2869 954 2954 fuisse
969 2869 1166 2950 putabimus,
1197 2889 1266 2934 cum
1287 2873 1442 2936 tractatus
1461 2873 1687 2954 qrammaticus
1712 2874 1773 2959 fol.
1789 2881 1832 2941 1·
1853 2879 1883 2941 ct

219 2983 260 3046 2'
281 2998 345 3044 nna
367 2983 472 3044 tenore
488 2980 612 3059 parqot.
650 2979 797 3040 secuntur
818 2978 922 3040 autem
938 2978 1013 3055 past
1027 2972 1274 3058 satisfactionum
1284 2973 1344 3059 fol.
1360 2979 1401 3038 4·
1422 2980 1451 3039 et
1471 2979 1512 3038 4·
1533 2977 1643 3042 variae
1658 2979 1882 3063 euplicationes

219 3084 399 3149 rhetoricae.
437 3086 529 3163 atque
548 3079 666 3166 folium
681 3083 733 3158 3⁰,
756 3078 839 3159 quod
859 3079 1139 3155 continetcarmen,
1162 3079 1298 3143 mommo
1311 3079 1428 3144 circum
1443 3100 1471 3145 o.
1487 3083 1595 3143 3-10
1610 3084 1783 3147 otoo-50
1804 3084 1882 3151 adeo

220 3189 369 3252 detritum
390 3185 524 3251 liabetur
544 3189 580 3249 nt
601 3184 722 3248 multae
745 3183 867 3247 litterae
889 3201 954 3246 non
978 3182 1044 3245 iam
1065 3185 1288 3264 aquoscontur.
1337 3202 1466 3264 999999
1483 3181 1699 3268 froqmentum
1723 3187 1768 3252 ad
1787 3188 1882 3254 verba

219 3291 377 3356 Dracanti
405 3287 622 3370 recuperanda
652 3307 717 3353 non
745 3287 853 3368 maqni
880 3285 922 3349 sit
950 3285 1098 3350 morienti
1119 3283 1177 3369 (cf.
1202 3289 1306 3350 tomen
1328 3308 1355 3352 o.
1372 3287 1415 3350 39
1436 3292 1466 3351 et
1489 3291 1559 3366 67),
1586 3288 1641 3354 boc
1669 3291 1779 3356 saltem
1807 3293 1882 3358 iude

220 3395 370 3460 discimus
393 3392 538 3477 adfuisse
558 3411 642 3456 nono
665 3391 788 3456 3999919
809 3391 904 3455 etiam
925 3390 962 3453 in
980 3389 1093 3456 Gallia
1115 3389 1271 3472 inteqram
1293 3389 1551 3474 satisfactionem.
1598 3393 1741 3459 lectiones
1760 3396 1883 3478 aliquot

220 3521 241 3564 9
263 3498 290 3563 V
312 3497 487 3563 recedentes
508 3499 537 3560 ct
558 3495 598 3560 ab
614 3495 757 3578 Eirqenio
778 3493 992 3574 comprobatae
1013 3512 1156 3557 necnon
1182 3487 1420 3576 ortboqrapbica
1440 3495 1595 3575 quaedam
1616 3497 1660 3561 ad
1672 3499 1882 3580 antiquiorem

220 3622 313 3667 usum
345 3601 512 3666 redeuntia
547 3602 605 3680 (38
633 3598 739 3680 boba,
772 3595 908 3680 44119,
944 3601 987 3658 47
1016 3594 1252 3676 modolamine)
1283 3597 1405 3676 (199991,
1441 3597 1721 3666 Damnstadensem
1751 3621 1816 3668 non
1843 3624 1883 3669 99

227 3705 379 3770 Vaticana
401 3722 465 3770 esse
486 3703 684 3784 descriptum.

326 3813 420 3890 atque
441 3808 535 3872 etiam
557 3806 594 3868 in
616 3802 834 3888 satisfactione
857 3803 948 3868 nobis
956 3807 1087 3884 praesto
1108 3806 1154 3867 est
1167 3805 1305 3868 recensio
1325 3805 1485 3887 Euqeni,
1508 3806 1546 3872 dc
1568 3827 1631 3888 qua
1653 3827 1753 3888 supra
1770 3807 1882 3894 fusius
1894 3835 1985 3902 Eua,

221 3917 348 3998 aqimus.
395 3913 445 3978 bic
470 3931 572 3977 unum
594 3913 691 3975 restat
713 3908 913 3986 monendum,
941 3907 1122 3990 Eirqenium
1143 3927 1270 3972 carmen
1293 3909 1416 3974 brevius
1444 3911 1542 3976 multo
1564 3912 1710 3977 licentius
1732 3915 1882 3978 tractasse

222 4039 315 4100 quam
331 4016 537 4082 1999999999
559 4013 686 4095 ideoque
707 4013 775 4077 eius
793 4031 883 4095 opere
904 4011 963 4076 bac
983 4012 1018 4074 in
1034 4014 1131 4092 parte
1146 4012 1265 4076 maiore
1284 4013 1378 4077 etiam
1400 4033 1469 4078 cum
1484 4015 1629 4080 cautione
1643 4015 1792 4080 utendum
1807 4035 1881 4084 esse.

325 4123 453 4204 iamque
475 4121 511 4185 in
533 4116 752 4204 satisfactione
773 4115 828 4181 hoc
848 4114 1090 4198 imaqinandum
1112 4119 1158 4179 est
1178 4119 1308 4181 stemma
1330 4119 1512 4183 numerioe:

953 4235 1152 4301 Dracontius

963 4330 1049 4500 s

851 4497 980 4708 ..f
1063 4331 1232 4855 Χ

1044 4863 1070 4917 V
1222 4864 1252 4918 D

223 4987 321 5050 99999
343 4969 426 5033 enim
448 4967 519 5032 ulla
541 4969 578 5032 in
606 4967 638 5032 V
655 4968 702 5031 ael
725 4965 759 5030 D
781 4967 860 5031 oitia
886 4987 944 5032 nos
966 4967 1073 5032 docent
1098 4968 1154 5032 bos
1176 4968 1292 5033 codices
1313 4967 1472 5046 affinitate
1494 4967 1586 5049 iunqi
1613 4987 1682 5032 cum
1704 4971 1803 5032 cetere
1824 4967 1881 5032 illo

222 5070 397 5152 exemplari
412 5071 561 5152 Hispano
576 5071 612 5150 Ξ,
635 5071 672 5135 de
695 5091 756 5152 quo
778 5091 878 5156 supra
895 5093 931 5153 p.
947 5069 1119 5136 XXVIII
1133 5079 1161 5135 et
1176 5071 1289 5136 XVII
1300 5072 1426 5154 aqimus.
1468 5075 1647 5150 conspectus
1659 5069 1883 5154 qeoqrapliimss

222 5175 265 5239 sil
286 5174 354 5239 bic:

913 5297 1109 5363 Dracontius
1130 5303 1190 5361 sat.

441 5417 603 5498 exemplar
624 5418 775 5503 Africum
931 5419 1115 5500 Hispanum
1132 5419 1163 5482 Ξ
1314 5418 1404 5483 Itala
1559 5416 1731 5500 Anqlienm

542 5519 618 5588 (Ocri
661 5523 678 5588 ')
965 5520 1139 5590 (13911199.)
1235 5521 1327 5588 (Arai.
1343 5520 1469 5583 Calsomb.)
1506 5517 1784 5590 (statunculam)

1234 5626 1465 5691 Karolinorum
1514 5663 1518 5668 ·

1169 5729 1273 5796 999.
1287 5727 1399 5796 999,
1416 5727 1537 5797 naua)
