4568 6396
1127 495 1343 553 PRAEFATIO.

699 676 758 738 sat.
776 672 818 734 19
862 673 908 737 sio
930 692 1006 738 mea
1028 671 1128 738 eorda
1150 671 1231 738 deus
1256 721 1313 738 ...
1337 671 1431 757 pellit
1453 667 1496 734 ad
1517 667 1630 734 illicita

777 793 821 856 21
864 797 901 855 ut
923 793 979 878 qui
1001 792 1089 857 facta
1111 790 1230 856 ducum
1253 811 1383 877 possem
1405 809 1537 856 namara
1559 809 1718 874 meorum,

912 897 1051 962 nominis
1072 897 1234 983 Asdingui
1256 895 1344 962 bella
1366 894 1601 980 triumphigera
1624 945 1682 959 ...

778 1015 821 1081 25
865 1017 1013 1102 praemia
1036 1015 1240 1103 despicerem
1263 1015 1370 1080 tacitis
1392 1019 1442 1079 tot
1463 1014 1595 1100 regibus
1618 1015 1712 1080 almis

913 1125 950 1184 ut
971 1126 1120 1205 peterem
1142 1119 1249 1186 subito
1272 1125 1361 1184 certa
1383 1118 1506 1204 pericia
1527 1119 1634 1184 miser.

462 1259 579 1320 porro:
774 1241 817 1304 93
862 1239 957 1325 culpa
979 1240 1060 1305 mihi
1081 1240 1190 1306 fuerat
1211 1239 1359 1305 dominos
1381 1239 1519 1304 reticere
1542 1237 1708 1303 modestos

916 1344 1128 1430 ignotumque
1150 1343 1230 1409 mihi
1253 1341 1396 1408 scribere
1418 1342 1472 1407 vel
1495 1341 1660 1407 dominum
1670 1343 1705 1424 ¹).

406 1429 411 1438 .
470 1463 597 1529 deinde:
762 1465 824 1527 105
868 1471 902 1528 te
925 1485 1036 1530 coram
1058 1465 1199 1550 primum
1222 1484 1275 1528 mo
1298 1463 1449 1529 carminis
1471 1461 1567 1544 illius,
1590 1482 1672 1526 ausu

917 1567 1004 1653 quod
1028 1569 1115 1633 mele
1139 1567 1293 1653 disposui,
1316 1567 1464 1653 paenitet
1486 1571 1520 1631 et
1542 1565 1657 1631 fateor.

473 1692 554 1752 tam:
578 1687 824 1767 sarariam
868 1689 1028 1754 dederant
1050 1691 1126 1775 quia
1149 1691 1292 1755 carmina
1315 1688 1435 1754 clades.

471 1807 619 1890 deniqne:
762 1811 825 1874 127
869 1831 934 1874 non
955 1809 1041 1876 mele
1064 1811 1199 1895 peccari
1220 1830 1281 1875 nec
1304 1829 1363 1874 rex
1385 1809 1487 1872 iratus
1509 1808 1618 1892 inique
1641 1813 1702 1891 est,

872 1912 931 1978 sed
953 1912 1040 1978 mele
1062 1933 1154 1978 mens
1176 1913 1326 1997 hominis,
1349 1931 1433 1997 quae
1457 1909 1575 1975 denus
1596 1931 1652 1976 ore
1674 1910 1817 1998 maligno

872 2023 906 2082 et
927 2017 1014 2082 male
1037 2016 1199 2101 suggessit
1220 2021 1296 2080 tanc
1320 2020 1354 2081 et
1374 2035 1451 2080 mea
1473 2013 1561 2079 laeta
1583 2017 1738 2100 gravavit.

761 2139 825 2202 160
868 2157 1005 2223 poscere
1028 2157 1126 2222 quern
1148 2137 1277 2201 veniam
1300 2134 1420 2220 decuit,
1443 2135 1530 2201 male
1552 2137 1687 2202 suscitat
1708 2137 1772 2202 iras

873 2245 907 2306 et
929 2238 1096 2306 dominum
1118 2260 1296 2326 regemque
1319 2239 1409 2325 pium
1431 2241 1559 2306 mevire
1582 2241 1700 2326 coegit.

406 2398 446 2442 ea
480 2377 530 2442 bis
559 2377 698 2443 versibus
724 2375 995 2459 Papencordt²)
1024 2377 1156 2460 mnlcpit
1177 2375 1388 2442 Dracontion
1418 2377 1558 2442 carmine
1583 2395 1640 2442 sno
1667 2377 1836 2444 00000000
1868 2377 2004 2444 harem
2029 2377 2073 2444 H

407 2481 574 2560 Zenones,
596 2479 632 2545 id
653 2479 736 2563 qaod
756 2498 833 2546 sane
854 2481 921 2546 veri
935 2481 1131 2546 simillimam
1153 2481 1245 2565 est⁸).
1284 2500 1393 2562 nnnpe
1413 2479 1558 2545 mtlrolici
1579 2484 1646 2545 tarn
1660 2481 1808 2562 temporis
1828 2480 1868 2547 ab
1883 2481 2070 2563 imperatore

408 2583 593 2666 chantino
606 2603 682 2649 setae
698 2583 776 2665 fidei
789 2584 950 2648 auxilinm
963 2582 1135 2665 00006006
1147 2586 1177 2648 ct
1191 2582 1374 2665 expetebant
1382 2583 1420 2665 ι).
1458 2585 1552 2664 atqaa
1573 2583 1723 2648 sirerurn
1744 2587 1865 2666 spectas
1879 2585 2069 2663 0000000,

408 2687 464 2753 boc
474 2686 638 2770 probabile
654 2685 792 2752 sacar:
814 2685 1036 2766 1000000000,
1059 2706 1128 2752 arm
1142 2705 1258 2752 novam
1272 2705 1373 2770 repam
1391 2685 1675 2752 Gnntbamnndnm
1698 2706 1785 2754 senes
1806 2707 1844 2753 ac
1865 2692 2072 2770 speramru

410 2789 579 2856 001000οἰ
600 2788 742 2856 riderent
761 2809 827 2856 non
847 2791 955 2856 minas
974 2789 1052 2872 fidei
1073 2789 1243 2856 0010061000
1264 2788 1418 2874 infestam
1439 2807 1504 2856 esse
1525 2809 1620 2871 qnam
1634 2789 1844 2871 Hanericam,
1866 2793 2005 2858 camina
2026 2793 2071 2858 ad

408 2893 566 2958 Zenonem
582 2893 676 2958 misso
690 2893 726 2958 id
737 2893 833 2977 episse
844 2897 880 2958 nt
889 2893 1060 2975 imperata
1070 2892 1171 2958 denuo
1183 2893 1278 2976 qnasi
1290 2897 1446 2976 sequester
1460 2897 1490 2958 et
1503 2891 1649 2974 defensor
1659 2895 1805 2960 00060006
1814 2893 2068 2964 0000600000.

239 3026 388 3084 conpara
512 3017 548 3078 at
569 3012 668 3096 ipitm
681 3010 977 3099 montemfortem
999 3032 1105 3078 eornrn
1126 3033 1207 3095 qaae
1229 3033 1298 3078 cnm
1319 3013 1430 3096 aliqua
1448 3013 1687 3096 probabilitatis
1708 3017 1806 3097 specie
1824 3017 1908 3100 poni
1922 3021 2068 3098 000006,

409 3116 551 3182 ΜΨ
720 3204 846 3251 carmen
875 3184 920 3250 ad
944 3185 1102 3251 Zenonem
1132 3185 1242 3250 00100
1272 3204 1337 3252 esse
1450 3207 1481 3252 0.
1496 3188 1561 3251 485
1583 3187 1632 3252 cel
1652 3189 1718 3253 486

720 3289 966 3371 satisfactionem
1001 3287 1045 3354 ad
1074 3309 1176 3372 reqem
1205 3289 1336 3355 missam
1518 3292 1632 3369 asera
1653 3291 1753 3374 490⁶)

719 3412 845 3459 carmen
859 3393 965 3458 mains
980 3393 1078 3458 triam
1093 3392 1245 3458 librorum
1259 3413 1339 3460 000-

766 3495 906 3581 positam
1367 3517 1428 3580 per
1450 3498 1639 3575 annectere
1661 3497 1846 3562 486-496
1854 3498 1881 3580 ⁸)

125 3667 366 3723 LEGTOBES
722 3598 878 3665 Rmnlea
899 3597 984 3664 editae
1519 3603 1593 3680 post
1613 3619 1644 3663 a.
1659 3600 1724 3663 486

95 3745 395 3801 1018190888
512 3735 590 3824 fata
617 3737 770 3803 librormn
796 3733 955 3802 Draconli
975 3741 1202 3802 enarraturum
1228 3739 1345 3818 aperta
1371 3735 1508 3818 incipere
1533 3757 1555 3800 0
1576 3735 1769 3804 00000000.
1817 3741 1911 3826 01000
1936 3739 2071 3807 landes

218 3841 326 3895 rasam
344 3845 387 3897 dei
411 3841 471 3907 dei
494 3841 528 3906 in
544 3841 688 3921 Africa
704 3839 1009 3928 10000001)Ῐαὶεο
1023 3840 1269 3923 oiawmprobat
1283 3839 1397 3906 Antis.
1413 3839 1480 3907 lat.
1495 3841 1569 3919 388,
1584 3837 1659 3928 2⁸):
1680 3839 1798 3907 000000
1816 3841 1899 3924 qnod
1919 3863 2071 3910 eecarm.

410 3947 475 4010 387
501 3943 662 4028 probabile
690 3945 729 4026 fit
758 3944 813 4010 bos
835 3965 948 4009 versus
978 3943 1026 4009 de,
1042 3944 1176 4030 singulis
1198 3943 1303 4009 oensis
1333 3961 1397 4008 esse
1426 3943 1622 4024 antiquiores
1644 3944 1783 4011 nmine
1806 3944 2071 4032 Dracontiano').

515 4240 542 4306 1)
566 4251 667 4291 recreem
693 4237 787 4290 malim
813 4235 969 4303 editoribus,
995 4237 1043 4305 qai
1069 4251 1121 4290 nec
1148 4235 1360 4302 interpolabant,
1390 4234 1519 4290 inbellaris
1546 4235 1580 4287 Α.
1597 4233 1709 4303 Ebert,
1739 4235 1832 4291 aaa.
1853 4235 1878 4290 d.
1905 4237 2005 4292 ebriat
2025 4237 2072 4291 lat.

410 4323 565 4378 10000900
583 4321 616 4376 1¹
641 4339 671 4390 p.
688 4327 740 4377 886
767 4321 849 4376 ‘seim
868 4320 967 4375 800010
984 4321 1095 4376 testam
1112 4319 1208 4387 daria,
1231 4321 1308 4375 einer
1329 4321 1466 4376 Fremden
1481 4336 1563 4390 sopor
1585 4321 1627 4375 ate
1649 4321 1744 4374 seinen
1766 4319 1862 4374 Heme
1884 4320 2019 4390 bmetpen
2038 4337 2074 4375 ea

411 4409 512 4464 baben’.
594 4411 619 4476 9)
639 4407 791 4464 asama
801 4406 850 4462 der
861 4407 941 4463 0006.
956 4407 1116 4472 Herscbatt
1128 4406 1160 4458 in
1171 4405 1273 4472 Africa
1285 4424 1315 4474 p.
1325 4413 1379 4462 371.
1413 4409 1449 4473 es.
1462 4408 1497 4461 A.
1510 4407 1626 4474 Ebert,
1644 4406 1661 4462 l.
1674 4407 1691 4461 l.
1711 4408 1739 4462 0.
1749 4404 1939 4476 Labmeper,
1957 4405 2074 4461 8010000

409 4495 565 4566 qrbileloqae
578 4493 739 4550 Hemaanno
761 4494 864 4550 Usener
881 4495 984 4549 oblata
1002 4494 1100 4563 (Bona
1111 4495 1185 4561 1891)
1197 4509 1228 4560 p.
1241 4499 1283 4547 86.
1321 4493 1439 4562 copitare
1455 4491 1487 4547 de
1503 4493 1654 4546 Anastasio
1671 4497 1741 4545 aetat
1758 4497 1859 4560 wopa
1875 4492 2073 4558 0060001000

411 4598 460 4637 raes
476 4583 600 4636 000000
618 4581 737 4636 Manis
754 4596 928 4635 0000000000
946 4581 1109 4634 suocmisse
1125 4579 1265 4634 catholicis
1284 4579 1437 4644 Africanis.
1536 4579 1563 4642 3)
1583 4595 1640 4632 000
1661 4584 1731 4633 recte
1752 4577 1902 4646 aliqrcando
1920 4577 2074 4634 00000000

412 4669 447 4736 (0.
463 4667 712 4738 Pattlp-Wiseocoa
725 4666 880 4721 licat-Ena.
893 4683 924 4734 p.
943 4668 1025 4733 1636),
1043 4681 1104 4719 cant
1119 4663 1158 4718 cd
1174 4665 1344 4719 Hunnicam
1360 4681 1469 4719 0000ιο
1486 4664 1580 4718 006000
1598 4679 1653 4719 esee
1660 4671 1794 4733 qnetarern
1896 4665 1924 4733 4)
1944 4670 1980 4736 os.
2005 4665 2073 4722 Vict.

420 4753 473 4808 Vir.
488 4763 510 4821 1,
521 4762 552 4809 61
571 4753 701 4820 (eeclesia
719 4751 911 4822 Carthaginis)
929 4751 977 4806 vix
994 4755 1119 4807 reserata
1142 4755 1186 4807 est
1208 4750 1316 4806 Zenone
1334 4749 1463 4821 principe
1481 4749 1662 4821 supplicante
1683 4767 1735 4821 per
1758 4749 1910 4821 patricium
1932 4750 2073 4808 Severum.

416 4847 468 4908 m
484 4838 661 4910 (Hunerieua)
674 4838 772 4895 dedit.
786 4882 792 4893 .
806 4880 812 4892 .
826 4837 980 4905 licentiam,
993 4837 1100 4894 Zenone
1113 4836 1282 4908 imperatore
1294 4839 1380 4906 atque
1393 4837 1521 4892 Placidie
1537 4878 1543 4892 .
1560 4881 1565 4891 .
1580 4879 1587 4892 .
1603 4835 1770 4906 rogantibus
1781 4838 1814 4891 ut
1827 4834 2073 4907 Carthaginiensis

414 4926 534 4982 ecclesia
553 4923 608 4981 sibi
627 4942 710 4995 quem
729 4924 817 4981 vellet
834 4923 999 4995 episcopum
1017 4922 1179 4978 ordinasset.
1219 4930 1243 4991 2,
1255 4930 1279 4978 3.
1308 4929 1384 4991 3,19.
1421 4923 1559 4993 Enopiae
1576 4921 1698 4977 1010100.
1732 4927 1756 4990 8,
1771 4928 1806 4977 9ο
1823 4921 1931 4992 (nipe
1947 4939 1990 4994 pr.
2002 4930 2075 4992 869

411 5031 440 5082 p.
456 5015 543 5077 9981).
578 5015 580 5020 ’
631 5013 660 5079 5)
678 5011 864 5066 Dracontinnt
875 5010 931 5064 iam
946 5008 1057 5079 aliptad
1068 5010 1193 5077 terporis
1204 5010 1236 5062 ta
1252 5009 1367 5063 ciendis
1385 5009 1472 5077 sabee
1483 5008 1582 5077 parabat
1593 5026 1616 5062 o.
1630 5015 1680 5064 120
1695 5013 1821 5079 tempore
1839 5011 1898 5064 tam
1914 5008 1999 5080 longo
2017 5026 2073 5065 non

415 5099 497 5155 decet
513 5097 555 5154 ira
572 5097 660 5168 pium.
764 5095 934 5166 bisamino
957 5095 1108 5150 cbristim
1126 5095 1252 5149 ardenar
1269 5096 1437 5149 coniunctim
1454 5095 1530 5149 libris
1549 5096 1569 5149 Ι
1573 5095 1599 5149 V
1613 5095 1786 5162 enitescant
1809 5111 1870 5149 000
1890 5094 2075 5150 0000110000

416 5185 554 5253 Hispanis
566 5189 591 5238 et
603 5183 763 5239 Galambani
775 5183 922 5238 santanae
933 5183 1078 5248 serentes.
1092 5199 1114 5237 0.
1126 5182 1206 5248 infra
1218 5199 1249 5250 p.
1259 5181 1314 5236 IX.
1380 5182 1406 5249 7)
1424 5181 1496 5236 bane
1506 5180 1539 5236 de
1549 5180 1688 5236 Drwonli
1698 5180 1896 5235 nndmionibue
1903 5182 2075 5250 warinnam

414 5270 495 5324 0000·
512 5269 749 5338 0001006000ον0,
766 5286 824 5324 aaa
840 5284 942 5338 seraper
962 5275 1006 5323 sat
1027 5269 1110 5336 00016,
1129 5284 1207 5338 saepe
1223 5269 1309 5338 asapia
1326 5270 1419 5323 lenton
1435 5268 1569 5323 0100010
1590 5285 1672 5336 quarn
1693 5268 1821 5323 tristor-iae
1837 5268 1988 5323 litterarum
2010 5285 2075 5324 con·

415 5358 538 5412 0010060.
561 5354 891 5425 mudasconensis
900 5354 1022 5410 taediosa
1030 5355 1171 5409 inuidiam
1179 5356 1322 5424 satrapiae
1331 5355 1467 5424 quaedam
1477 5353 1744 5426 nnbonafnperratt,
1753 5353 1859 5408 mnium
1869 5369 1935 5424 rapo
1946 5356 2074 5424 rpentes

417 5445 449 5498 tn
467 5443 540 5498 none
557 5442 607 5497 boe
623 5443 663 5510 api
680 5448 712 5497 nt
729 5447 816 5497 artas
832 5441 984 5496 indicarem
1000 5441 1176 5509 00000000,
1193 5441 1238 5496 bic
1254 5443 1310 5496 illic
1327 5458 1372 5498 eas
1393 5441 1427 5496 cle
1444 5441 1539 5510 00000
1555 5439 1677 5495 dianna
1697 5440 1796 5508 liceret,
1817 5439 1923 5510 reliqna
1942 5446 2076 5509 00010000

418 5528 454 5582 ad
471 5527 684 5598 capnomendran
696 5534 792 5598 poetae
809 5543 954 5582 minorans
971 5531 1093 5597 savera
1110 5527 1142 5580 in
1155 5527 1243 5582 800100
1261 5527 1396 5582 catanam
1408 5527 1562 5583 0006000.
1648 5527 1676 5594 8)
1692 5530 1728 5598 cs.
1741 5526 1827 5582 Drac.
1840 5534 1863 5594 1,
1875 5531 1924 5581 968
1942 5532 1968 5582 et
1986 5526 2018 5582 X
2034 5535 2074 5584 99.

415 5615 443 5682 9)
459 5629 529 5684 qnae
546 5615 650 5687 collegit
669 5615 876 5684 O.Rossberq
893 5613 1263 5684 (uenerandisque,
1278 5614 1396 5685 181000.)
1413 5613 1621 5669 decanninein
1633 5611 1739 5669 lauden
1758 5612 1939 5680 Solieldntb.
1951 5617 2012 5682 889)
2029 5615 2077 5667 aas

416 5702 539 5768 m'iciant
562 5709 594 5756 at
622 5701 716 5758 010109
732 5708 830 5771 poetae
853 5701 1038 5756 Droeorttinnt
1060 5701 1177 5768 exemplo
1198 5701 1283 5771 filisu
1303 5699 1403 5755 mairam
1431 5717 1489 5756 aare
1516 5701 1603 5770 faisse
1633 5700 1721 5768 ipsam
1753 5699 1944 5755 Dracontimn.
1985 5699 2075 5755 eodem

416 5789 477 5843 tetre
495 5787 650 5843 Dracontio
668 5789 826 5844 attribueres
844 5789 927 5843 Antlt
943 5793 995 5844 918.
1547 5793 1556 5818 *
