4590 6390
902 379 1079 435 uonvnua
1097 379 1150 435 v11

607 555 716 622 ebrius
739 556 867 622 interea
889 561 983 621 nutet
1005 554 1137 621 Silenus
1160 557 1273 622 asello.

609 660 723 725 oscula
745 665 917 725 nectantur
940 661 1073 726 calamis
1096 659 1222 725 imbuta
1243 661 1370 742 rosetis,

534 781 570 838 40
605 771 639 830 et
661 785 762 829 nervo
786 763 924 830 cedente
948 771 1042 830 sonet
1064 786 1149 830 nova
1170 787 1335 831 murmura
1358 766 1484 850 lingna;

604 868 768 934 morsibus
792 868 926 934 alternis
950 890 1109 956 suspenso
1133 869 1231 935 dente
1253 871 1415 945 ituantem

605 971 720 1038 Gratia
742 979 914 1038 vernantes
938 973 1091 1040 adnectat
1112 975 1249 1060 pulchra
1272 963 1412 1054 dolores,

606 1083 697 1141 casta
719 1075 884 1142 Pudicitia
908 1079 1020 1143 stricto
1043 1065 1205 1166 placitura
1227 1079 1344 1144 marito

603 1179 737 1246 floribus
761 1201 804 1247 ex
827 1182 925 1246 variis
948 1188 1040 1247 texat
1061 1203 1120 1269 per
1142 1188 1236 1268 prata
1259 1203 1397 1248 coronas

535 1301 570 1355 45
605 1283 675 1350 lilia
696 1284 799 1350 mixta
822 1287 904 1351 rosis
928 1287 1057 1352 socians
1079 1287 1249 1372 violasque
1273 1286 1477 1373 hyacinthis;

605 1396 765 1475 purpurei
787 1397 821 1456 et
843 1391 946 1456 niteat
969 1413 1119 1476 gemmae
1143 1391 1287 1477 pallente
1311 1391 1427 1457 rubore

605 1491 812 1580 Sardoasque
835 1495 926 1560 iuvet
948 1497 1068 1561 rosulis
1091 1495 1299 1562 Sitifensibus
1322 1497 1454 1564 herbas.

605 1598 653 1663 sic
676 1619 757 1684 puer
779 1598 903 1664 Idalios
926 1602 1102 1686 permiscet
1124 1601 1223 1666 mella
1245 1603 1391 1680 venenis,

606 1703 651 1767 sic
674 1724 748 1768 rosa
772 1704 927 1769 miscetur
949 1705 1061 1789 spinis,
1086 1705 1246 1770 medicina
1269 1707 1407 1772 cerastis

536 1823 571 1880 50
605 1807 772 1893 perficitur
795 1808 996 1895 stimulisque
1020 1809 1112 1874 favos
1136 1809 1206 1895 apis
1229 1811 1316 1874 alma
1338 1815 1464 1876 tuetur:

606 1912 653 1976 sie
676 1912 731 1998 pia
754 1912 924 1998 virginitas
947 1933 1013 1976 non
1037 1912 1162 1977 tollitur
1184 1917 1262 1977 anta
1283 1911 1416 1998 pudoris

605 2016 769 2100 unguibus
791 2015 927 2080 infensis
951 2037 1048 2102 quam
1071 2016 1222 2080 vulnerat
1244 2037 1300 2082 ora
1322 2019 1430 2083 mariti

605 2125 638 2183 et
660 2120 748 2206 prior
770 2126 847 2184 ante
870 2121 920 2183 sui
943 2119 1065 2186 vindex
1087 2126 1138 2185 est
1159 2119 1231 2208 ipsa
1254 2123 1386 2203 cruoris,

606 2229 643 2288 ut
665 2223 768 2289 discat
790 2244 900 2288 sacras
923 2223 1063 2289 fecundo
1087 2225 1220 2290 vulnere
1244 2227 1401 2292 flammas.

536 2343 571 2397 55
606 2327 652 2390 sic
675 2326 756 2392 fiunt
779 2325 892 2392 dulces
915 2326 1012 2392 modo
1036 2327 1174 2414 pignora
1196 2328 1317 2395 blanda
1339 2335 1505 2416 parentes,

606 2437 640 2496 et
662 2452 767 2517 genus
790 2431 967 2496 humanum
990 2433 1035 2497 sic
1060 2437 1124 2496 stat
1147 2431 1206 2496 sub
1230 2435 1304 2519 lege
1327 2435 1474 2521 perenni.

606 2543 655 2601 tot
677 2536 763 2602 bona
785 2537 979 2622 proveniant
1002 2536 1129 2623 sponsis
1152 2544 1232 2624 quot
1254 2538 1372 2604 dextra
1395 2545 1568 2626 parentum

607 2643 713 2728 iungit
736 2641 925 2706 amoriferas
949 2663 1009 2728 per
1031 2641 1116 2706 festa
1138 2641 1262 2727 iugalia
1285 2641 1422 2728 palmas.

606 2769 689 2812 cana
710 2731 809 2811 Fides
832 2745 1010 2832 Pietasque
1032 2747 1146 2831 ingeni
1168 2752 1201 2810 et
1225 2753 1316 2812 casta
1338 2747 1500 2834 Voluptas

520 2869 571 2926 ‘60
606 2850 740 2916 brachia
763 2835 965 2935 constringat
988 2850 1113 2915 celeres
1136 2851 1245 2916 visura
1267 2859 1415 2938 nepotes.

607 2955 756 3043 pronuba
778 2955 861 3019 luno
884 2955 974 3020 venit
996 2953 1138 3019 fecunda
1161 2961 1247 3021 sorte
1271 2956 1429 3021 maritans

606 3060 753 3146 lanigera
778 3059 954 3124 comitante
978 3057 1042 3123 dea
1064 3077 1123 3144 per
1145 3065 1221 3124 vota
1243 3057 1401 3141 Minerva,

607 3162 851 3248 concordesque
874 3162 971 3226 simul
995 3161 1163 3228 celebrent
1185 3162 1240 3248 pia
1264 3184 1357 3228 saera
1379 3163 1519 3230 Dionae.

691 3270 756 3333 ista
779 3272 896 3333 canant
918 3267 1064 3346 iuvenes,
1087 3265 1149 3330 hoc
1166 3272 1299 3333 cantent
1314 3288 1445 3334 carmen
1470 3268 1603 3334 adultae

537 3391 571 3446 65
607 3379 641 3439 et
664 3372 805 3458 simplex
828 3377 932 3452 aetas,
956 3370 1048 3456 pueri
1071 3375 1271 3456 teneraeque
1294 3373 1437 3458 puellae,

606 3477 743 3543 cantitat
764 3476 827 3540 hoc
850 3479 1023 3540 veteranus
1046 3495 1146 3557 amor,
1170 3474 1350 3540 reverenda
1366 3483 1525 3542 'senectus

607 3585 734 3646 cantet:
760 3584 886 3644 amator
908 3578 971 3642 erit
994 3577 1048 3662 qui
1072 3597 1137 3642 non
1160 3579 1299 3644 conterit
1321 3599 1464 3656 amores;

606 3683 711 3750 nescit
734 3682 820 3748 enim
842 3680 975 3746 senibus
999 3679 1127 3746 veniam
1150 3679 1271 3747 donaro
1296 3681 1435 3768 Cupido.

606 3793 658 3853 ast
680 3808 751 3873 ego,
776 3785 830 3872 qui
853 3804 980 3870 nequeo
1003 3789 1117 3870 captus
1140 3803 1214 3848 mea
1236 3785 1362 3870 plectra
1384 3807 1515 3853 movere

537 3910 571 3966 το
605 3891 758 3974 carmine,
782 3889 922 3954 sollicito
945 3885 1104 3954 dederant
1127 3888 1203 3973 quia
1228 3889 1373 3954 carmina
1396 3889 1517 3972 clades,

607 4003 641 4062 et
664 3995 759 4060 modo
783 3995 830 4058 sic
854 3994 988 4080 positus,
1013 3989 1196 4079 Cythereae
1220 3994 1369 4060 cantibus
1392 3995 1524 4077 absens,

608 4101 773 4180 sollicitus,
797 4097 927 4163 tabidus
951 4097 1155 4178 temerarius,
1179 4099 1297 4163 anxius
1321 4098 1445 4164 audax:

607 4213 644 4271 ut
665 4211 761 4271 vacat
784 4203 943 4290 expositis
965 4207 1040 4288 post
1062 4203 1188 4289 proelia
1210 4203 1302 4268 miles
1326 4203 1367 4267 ab
1390 4204 1499 4284 armis,

313 4415 349 4470 40
366 4418 472 4471 cedente
487 4417 587 4483 scripsi,
605 4417 730 4481 candente
748 4414 781 4478 N,
807 4420 929 4466 cantante
947 4413 1081 4476 causor,
1099 4413 1239 4467 comitante
1257 4413 1391 4481 Roraderp,
1414 4416 1536 4468 stridente
1558 4417 1626 4468 Mem
1715 4416 1750 4470 42
1768 4419 1866 4470 colores

213 4504 324 4556 Schenkl
447 4502 480 4555 47
506 4520 522 4545 a
545 4504 682 4569 Sardoascss
711 4503 784 4554 iubet
806 4484 917 4568 poscdlis
942 4501 985 4552 siri
1002 4483 1119 4552 fadeibus
1145 4500 1232 4552 herbis
1259 4500 1293 4564 N,
1318 4518 1385 4554 corr.
1407 4503 1501 4570 Peiper
1587 4503 1659 4572 iuget
1679 4504 1759 4572 poclis
1784 4504 1866 4556 Dalm

245 4591 338 4643 herbas
356 4592 409 4642 iam
426 4590 554 4643 Bdcbeler
630 4587 664 4640 48
682 4589 759 4640 mella
776 4587 911 4652 Brtcbeler,
929 4587 1000 4638 bella
1017 4586 1047 4636 N
1119 4583 1153 4637 49
1172 4588 1278 4654 carastjs
1297 4588 1364 4655 (sija
1377 4605 1409 4640 err
1425 4593 1473 4642 -eis
1486 4587 1607 4656 corr.)N
1683 4590 1718 4642 54
1736 4593 1771 4643 Ut
1787 4592 1867 4643 ducat

211 4677 337 4730 Br'c'cbeler
423 4675 458 4730 58
475 4679 617 4730 amonitoris
635 4695 660 4744 p.
673 4679 691 4727 i.
704 4677 719 4727 i.
739 4676 830 4742 palmia
849 4674 882 4738 N,
907 4691 974 4726 corr.
994 4673 1116 4724 Butram
1203 4673 1237 4726 59
1260 4676 1353 4743 iunget
1375 4675 1406 4726 N
1487 4675 1522 4730 60
1543 4677 1721 4744 constringant
1738 4677 1773 4740 N,
1798 4695 1866 4730 corr.

211 4763 331 4816 Butram
401 4765 514 4817 celebres
533 4764 657 4830 Rosrberq
726 4763 817 4814 uisura
835 4761 868 4822 N,
883 4761 993 4813 missura
1014 4759 1143 4822 Butam,
1167 4763 1258 4814 fusura
1281 4762 1374 4830 Perper
1458 4761 1490 4816 61
1511 4765 1583 4818 vonit
1601 4764 1634 4826 N,
1659 4771 1727 4818 meet
1744 4763 1866 4816 erarem

245 4852 359 4902 secunda
378 4849 408 4900 N
507 4849 540 4902 63
558 4851 641 4902 Diona
660 4848 690 4898 N
789 4846 823 4899 66
846 4848 958 4898 Cautilct
975 4847 1006 4897 N
1104 4845 1138 4898 69
1158 4863 1217 4914 neq3
1236 4850 1284 4901 hoc
1301 4856 1376 4918 aptus
1395 4851 1428 4912 N,
1450 4869 1518 4902 corr.
1535 4851 1664 4903 Bitelreler
1738 4851 1823 4918 plecta
1842 4851 1872 4900 N

245 4934 279 4987 70
297 4938 424 4990 Carminis
442 4939 535 5000 officio,
554 4938 577 4988 d.
591 4936 644 4989 Leo
724 4931 755 4985 'ii
775 4935 903 5002 Cytherea
922 4935 956 5000 N,
976 4952 1044 4986 corr.
1057 4934 1138 4986 ΙὶιιΙιη
1218 4934 1251 4986 72
1269 4938 1379 5004 pavidus
1398 4937 1479 4988 Dalm
1550 4935 1583 4989 73
1602 4939 1634 4990 lii
1653 4937 1686 5003 N,
1704 4955 1771 4990 corr.
1785 4937 1867 4988 Dalm

313 5123 349 5179 38
375 5125 420 5180 Oo.
436 5141 483 5180 ors
502 5135 523 5193 1,
544 5131 594 5180 543
618 5123 712 5180 ebrius
738 5139 802 5178 ecee
827 5139 911 5178 senex
934 5123 1027 5193 pando
1049 5123 1159 5179 Silenus
1183 5123 1271 5180 asello
1357 5126 1390 5180 41
1412 5125 1446 5191 cs.
1465 5125 1508 5179 VI
1520 5133 1563 5182 48.
1582 5133 1618 5180 49
1704 5125 1739 5181 42
1757 5125 1866 5181 dolores

208 5227 286 5295 flores
304 5227 394 5282 dolon
410 5233 482 5284 ortos
500 5229 592 5298 quola
607 5245 671 5284 roeo
687 5226 842 5298 byocirrtboa
912 5227 945 5282 47
965 5227 1107 5283 Pliaaot.
1123 5233 1226 5296 20,116
1244 5227 1272 5282 in
1291 5227 1418 5284 confessa
1435 5228 1617 5284 damnatione
1635 5232 1679 5284 est
1696 5233 1866 5286 venenatum

210 5331 240 5386 in
265 5331 393 5388 Sardinia
411 5333 568 5402 apiastrum.
592 5333 664 5402 Verq.
682 5333 740 5388 buc
763 5340 784 5396 7,
802 5340 834 5386 41
858 5331 1063 5388 Sardoniis...
1087 5332 1208 5387 amanor
1226 5331 1326 5387 herbis.
1361 5331 1416 5386 Ser.
1430 5331 1530 5386 samm.
1543 5339 1600 5386 427.
1618 5331 1724 5388 Nemes.
1738 5333 1781 5387 ccl.
1795 5341 1820 5397 4,
1835 5339 1867 5388 63

244 5437 280 5492 49
299 5435 395 5492 Claud.
413 5447 452 5504 14,
471 5446 503 5492 10
525 5442 617 5493 armat
635 5437 716 5508 spina
734 5454 819 5501 rosas,
837 5437 922 5492 mella
940 5439 1041 5508 tegunt
1058 5455 1126 5507 apes
1231 5437 1265 5492 52
1294 5435 1389 5491 Claud.
1406 5443 1445 5504 31,
1461 5441 1507 5492 135
1531 5435 1646 5492 infensis
1671 5436 1811 5507 unguibus
1835 5437 1867 5490 io

210 5540 303 5596 mdern
325 5557 355 5596 rc
447 5543 481 5598 64
507 5543 542 5609 cs.
559 5541 621 5596 Vll
633 5549 667 5596 27
751 5543 786 5598 65
810 5540 887 5612 Verp.
907 5543 973 5598 Aac.
992 5549 1016 5610 6,
1031 5547 1083 5598 307
1102 5540 1182 5611 pueri
1200 5541 1392 5611 innuptaeque
1411 5539 1522 5611 puellae
1614 5542 1648 5596 78
1666 5541 1747 5609 Prop.
1761 5547 1868 5609 2‚25,5

210 5645 291 5702 miles
309 5645 444 5717 depositis
462 5663 582 5702 annosus
600 5646 716 5702 secubat
733 5646 818 5702 armis

314 5755 477 5810 &amores
494 5755 685 5816 hunourssnn
697 5753 758 5804 xlv
772 5752 795 5805 1.
1625 5749 1660 5805 20
