4590 6390
877 372 1054 429 nouvarai
1071 373 1133 430 VII.
1152 373 1219 428 VIII

704 547 897 614 caelicolum
920 555 1052 634 praetor
1074 549 1138 614 iam
1160 548 1291 616 sederat
1313 547 1436 612 arbiter
1458 545 1555 612 Idae:

618 652 682 716 iam
705 653 867 737 gremium
890 673 1040 739 caespes,
1064 653 1128 718 iam
1152 672 1289 738 surgens
1312 651 1452 718 herbida
1474 652 1572 717 tellus

620 756 728 821 stabat
751 762 785 822 et
807 755 990 822 aetherium
1014 756 1141 822 fuerant
1163 755 1304 822 herbosa
1327 756 1480 822 tribunal.

619 859 763 925 solverat
784 860 905 926 Iliacus
929 861 1012 926 caeli
1034 860 1220 926 vadimonia
1242 867 1352 947 pastor

550 979 584 1034 35
621 970 655 1028 et
676 963 767 1030 litem
789 964 870 1030 facit
892 965 962 1051 ipse
986 985 1093 1032 suam:
1117 964 1252 1030 laudata
1275 964 1398 1030 recedit

620 1073 808 1154 contempta
829 1066 955 1135 Iunone
971 1067 1100 1143 Venus3
1124 1074 1200 1133 tunc
1223 1069 1314 1154 virgo
1339 1067 1457 1134 decore

618 1172 706 1236 victa
728 1171 828 1256 dolet,
851 1193 926 1237 nam
951 1173 1053 1238 tristis
1076 1171 1162 1238 abit:
1186 1172 1251 1239 lreu
1275 1172 1384 1237 nescia
1406 1191 1499 1237 mens
1523 1175 1584 1250 est,

621 1295 704 1361 quae
728 1275 816 1362 mala
839 1277 1049 1342 circumstent
1071 1297 1186 1342 ausum
1209 1276 1287 1342 dare
1310 1277 1381 1342 iura
1402 1275 1587 1341 Minervae!

618 1378 735 1445 iudicis
758 1379 853 1446 Idaei
875 1381 979 1466 pretio
1002 1381 1167 1447 sententia
1189 1381 1293 1446 fertur

549 1499 584 1556 40
620 1481 857 1570 damnaturque
880 1484 989 1561 Paris;
1012 1506 1073 1551 nec
1097 1485 1185 1550 solus
1209 1487 1318 1572 pastor
1340 1479 1479 1550 babetur

620 1608 663 1654 ex
685 1587 748 1654 hac
771 1588 829 1656 lite
851 1610 944 1654 rsus:
968 1588 1165 1655 damnantur
1187 1594 1293 1654 morte
1315 1594 1482 1675 parentes,

619 1691 817 1760 damnantur
839 1693 972 1778 fratres,
1001 1699 1034 1760 et
1063 1694 1209 1780 quisquis
1243 1694 1277 1759 in
1304 1693 1386 1758 urbe
1415 1691 1616 1778 propinquus

620 1803 677 1862 aut
701 1803 859 1882 cognatus
883 1804 965 1878 erat,
989 1804 1124 1863 cunctos
1147 1819 1234 1863 mors
1257 1797 1402 1884 explicat
1424 1817 1499 1860 una.

621 1907 718 1986 atque
742 1903 866 1968 utinam
891 1901 1009 1968 infelix
1031 1902 1108 1968 urbs
1125 1908 1258 1968 ,tantum
1281 1906 1386 1966 morte
1409 1901 1546 1986 periret!

549 2019 585 2074 45
621 2004 814 2072 damnantur
837 2012 963 2092 gentes,
987 2005 1162 2072 damnatur
1184 2005 1326 2072 Graecia
1348 2005 1464 2070 sollers

619 2107 686 2174 heu
708 2110 841 2196 magnis
859 2107 1025 2176 viduanda
1047 2111 1140 2176 viris:
1166 2109 1298 2176 orbatur
1320 2109 1411 2176 Ilous

620 2212 796 2281 Memnone
819 2213 989 2300 belligero,
1012 2213 1184 2280 damnetur
1206 2214 1386 2280 Thessalus
1410 2205 1506 2277 heros

621 2323 655 2382 et
677 2317 855 2386 Telamone
878 2325 978 2402 satus,
1002 2324 1142 2404 pereunt
1164 2317 1228 2383 duo
1251 2317 1387 2402 fulmina
1409 2317 1497 2383 belli.

622 2441 679 2507 pro
703 2421 816 2488 matris
838 2421 983 2490 thalamo
1006 2443 1130 2509 poenas
1154 2421 1309 2509 dependit
1333 2420 1476 2487 Achilles

554 2539 589 2596 50
625 2522 727 2610 (unde
751 2525 834 2592 haec
856 2547 958 2592 causa
981 2526 1062 2609 fuit),
1085 2527 1196 2592 forsan
1219 2521 1431 2593 Telamonius
1447 2525 1535 2591 Aiax

603 2673 606 2680 -
625 2630 781 2694 sternitur
798 2631 952 2712 invictus,
976 2629 1063 2717 quod
1085 2635 1191 2696 mater
1213 2627 1348 2696 reddita
1363 2651 1428 2695 non
1452 2636 1505 2695 est

623 2732 770 2799 Hesione
793 2733 938 2810 Priamo;
963 2735 1010 2800 sic
1034 2741 1085 2800 est
1107 2734 1184 2800 deta
1207 2755 1308 2801 causa
1329 2736 1474 2822 rapinae,

622 2857 679 2904 our
703 2843 819 2932 gentes
844 2839 994 2905 cecidere
1018 2840 1125 2920 simul,
1150 2860 1223 2904 cum
1246 2861 1346 2905 sexus
1370 2845 1507 2924 uterque

624 2941 774 3024 concidit,
799 2943 915 3008 infanti
937 2943 1046 3010 nullus
1070 2950 1145 3031 post
1166 2943 1254 3009 bella
1277 2945 1434 3031 pepercit.

554 3061 588 3116 55
624 3045 670 3110 sic
693 3046 787 3113 dolor
809 3048 960 3134 exsurgit
982 3046 1102 3128 divum,
1127 3049 1173 3113 sic
1195 3049 1244 3114 ira
1266 3050 1416 3136 polorum
1459 3041 1481 3088 A

623 3152 729 3218 saevit
752 3157 785 3216 et
808 3159 954 3218 errantes
977 3153 1052 3217 talis
1076 3153 1221 3218 vindicte
1245 3159 1396 3220 coercet?
1421 3189 1462 3202 -

625 3255 826 3344 compellunt
849 3255 970 3322 audere
994 3257 1097 3322 virum
1121 3257 1199 3340 fata,
1225 3257 1325 3344 impia
1347 3259 1425 3338 fata,

625 3379 711 3444 quae
734 3361 822 3427 flecti
839 3360 1033 3447 quandoque
1055 3368 1187 3447 negant,
1210 3361 1326 3448 quibus
1342 3362 1437 3428 obvie
1457 3381 1622 3447 nunquam

627 3485 681 3530 res
707 3485 933 3552 quaecumque
957 3466 1056 3548 venit,
1080 3467 1152 3552 quis
1176 3467 1295 3531 semita
1317 3467 1406 3531 nulla
1430 3473 1561 3532 tenetur

554 3581 588 3638 60
624 3567 722 3640 obvia
744 3569 820 3635 dum
844 3571 987 3651 veniunt,
1011 3570 1129 3656 quibus
1153 3571 1261 3636 omnia
1283 3571 1396 3636 clauae
1418 3575 1601 3657 patescunt.

711 3674 777 3744 iam
800 3694 884 3760 grex
906 3674 1067 3755 horretur,
1090 3674 1197 3739 fontes
1221 3695 1297 3740 oasa
1319 3695 1441 3761 pascua
1463 3674 1565 3744 siluae

624 3777 757 3846 flumina
780 3799 857 3843 rura
879 3777 995 3865 pigent
1017 3798 1078 3843 nec
1100 3777 1210 3843 fistula
1231 3777 1335 3842 dulcis
1358 3783 1498 3854 amatur;

624 3903 688 3950 non
707 3882 821 3969 'placet
844 3881 990 3962 Oenone,
1016 3880 1074 3948 sed
1096 3882 1160 3946 iam
1184 3902 1285 3968 prope
1308 3883 1412 3968 turpis
1435 3882 1585 3962 babetur,

625 4007 668 4052 ex
691 4007 754 4072 quo
777 3986 914 4073 pulchra
936 3985 1051 4052 Venus
1074 3988 1175 4052 talem
1198 3987 1348 4072 promisit
1370 3988 1403 4050 in
1427 3985 1495 4067 Ida,

557 4107 592 4162 65
628 4092 732 4177 qualis
756 4091 844 4157 nuda
866 4090 941 4156 fuit:
966 4090 1066 4156 talem
1089 4091 1152 4156 iam
1175 4096 1288 4178 pastor
1310 4089 1453 4157 anhelat.

625 4195 761 4262 sordent
783 4216 862 4262 arva
884 4195 953 4261 viro
977 4200 1051 4282 post
1073 4195 1178 4282 iurgia
1200 4200 1291 4261 tanta
1313 4191 1459 4278 dearum,

330 4413 362 4467 31
382 4423 470 4484 pastor
482 4416 498 4466 i.
511 4432 532 4467 s.
545 4432 570 4470 a.
592 4415 639 4467 Ida
657 4413 784 4468 Brtcbcler
852 4414 914 4466 ldae
933 4413 1058 4478 Iorsaclb',
1082 4414 1148 4466 idem
1168 4413 1199 4464 N
1280 4411 1314 4466 34
1331 4414 1424 4466 Iliacas
1443 4415 1476 4476 N,
1501 4432 1567 4466 corr.
1581 4413 1697 4466 Iannclb'
1783 4411 1817 4466 35
1835 4413 1885 4465 Sed

226 4502 336 4556 Ribbeck
413 4501 446 4555 36
464 4503 557 4555 decora
575 4502 609 4566 N,
628 4519 694 4554 corr.
714 4501 808 4566 Perper
884 4499 917 4552 37
936 4502 1002 4553 abiit
1019 4501 1050 4550 N
1122 4499 1157 4552 42
1175 4501 1292 4568 quisquis
1310 4502 1336 4552 iu
1355 4511 1435 4554 morte
1453 4499 1500 4568 (cs.
1513 4499 1546 4552 41
1565 4510 1588 4553 et
1605 4498 1651 4567 43)
1671 4501 1703 4562 N,
1722 4518 1790 4553 corr.
1803 4500 1884 4552 Dalm

261 4591 288 4641 in
310 4605 369 4642 arce
391 4589 531 4655 Botoberp,
555 4589 582 4639 in
604 4589 666 4640 orbe
689 4587 791 4652 Peiper,
817 4594 885 4639 sorte
906 4586 1028 4638 Bdbrcrrs
1124 4585 1158 4638 44
1182 4591 1232 4653 Aq3
1258 4589 1358 4639 utinam
1382 4587 1488 4639 infoelix
1511 4585 1571 4653 (cic)
1595 4586 1624 4636 N
1714 4589 1751 4639 od
1772 4587 1835 4638 urbs
1856 4587 1885 4637 in

224 4677 343 4743 ,margine
358 4677 447 4744 plorsa
465 4677 544 4728 Troia
563 4675 593 4725 N
674 4673 709 4727 46
730 4675 835 4726 orbatur
852 4682 878 4726 et
896 4691 940 4726 eos
958 4673 1075 4726 Iannelli
1161 4671 1196 4726 49
1213 4676 1335 4742 dependit
1352 4674 1383 4724 N
1468 4672 1502 4726 52
1525 4675 1620 4726 Estone
1638 4674 1671 4738 N,
1689 4691 1757 4726 corr.
1769 4673 1887 4724 Iounelli

261 4761 295 4816 53
312 4781 360 4816 cur
377 4780 455 4816 sexus
472 4762 590 4814 Iaonelli
681 4759 715 4813 54
737 4763 896 4829 perpepercit
913 4761 943 4811 Ν
1026 4759 1060 4812 56
1078 4767 1179 4814 coercet
1205 4778 1237 4812 aa·
1254 4763 1300 4812 -cif
1318 4779 1385 4813 corr.
1399 4760 1428 4811 N
1511 4759 1544 4814 57
1570 4763 1638 4814 facta
1656 4761 1734 4829 impia
1751 4759 1886 4826 noaoeq,

226 4849 296 4914 qaod
308 4849 424 4914 pendeat
440 4865 472 4900 ac
489 4851 583 4914 andere
676 4844 710 4900 59
729 4853 816 4899 tuetur
833 4846 960 4898 Brtcltclcr
1056 4843 1090 4897 62
1107 4853 1221 4898 mmatur
1240 4846 1272 4910 N,
1297 4864 1365 4899 corr.
1378 4845 1494 4898 Iaarrelti
1590 4845 1624 4900 63
1641 4849 1759 4902 &nones
1780 4848 1833 4900 iam
1852 4846 1886 4912 N,

227 4934 429 4988 corassorrem
509 4933 544 4988 66
561 4942 619 5002 post
636 4935 721 5002 urigia
739 4933 772 4998 N,
791 4949 858 4985 corr.
872 4932 989 4985 Iarrrrelli
1517 4945 1522 4956 ·

332 5139 364 5195 31
384 5139 614 5205 6666161167
631 5137 737 5192 arbiter
755 5137 821 5192 Idae
838 5137 935 5204 (Drac.
949 5136 1026 5191 VIII
1041 5142 1100 5206 221)
1170 5139 1204 5193 32
1221 5139 1358 5209 gremium
1378 5143 1415 5193 cet
1431 5136 1520 5192 medio
1538 5153 1652 5192 scaenae
1669 5139 1687 5194 i.
1701 5137 1796 5194 iudicii
1814 5155 1887 5204 areu,

226 5243 258 5295 in
276 5259 331 5311 qua
347 5242 449 5296 matiam
474 5241 538 5295 deae
554 5241 699 5309 parandae
720 5247 800 5308 eunt;
822 5259 936 5312 surgens
954 5242 982 5296 h.
1000 5243 1085 5297 tellus
1106 5243 1124 5295 ι’.
1143 5242 1241 5297 herbae
1259 5243 1290 5296 in
1307 5244 1371 5298 cliro
1388 5242 1496 5296 stabant
1518 5242 1598 5308 quasi
1620 5257 1720 5296 corono
1742 5241 1887 5306 iudicialis,

226 5347 259 5400 iu
276 5347 403 5402 herbosis
420 5347 438 5401 i.
456 5348 605 5402 ire-summo
622 5347 685 5402 colle
703 5347 783 5415 pauci
799 5348 831 5401 in
852 5348 983 5402 tribunali
1003 5348 1107 5402 sedebat
1133 5349 1216 5403 Parra
1238 5349 1321 5403 r'adcrr
1416 5347 1449 5402 37
1469 5345 1506 5400 ad
1525 5345 1556 5398 X
1572 5351 1621 5399 301
1707 5346 1743 5402 43
1761 5346 1886 5428 explicet

226 5450 262 5516 cf.
275 5449 312 5504 ad
329 5449 397 5506 Stat.
409 5451 465 5504 silo.
476 5459 500 5517 6,
512 5457 536 5518 3,
550 5458 596 5505 661
676 5452 712 5506 44
729 5457 752 5518 2,
766 5457 814 5506 321
832 5450 888 5504 iam
906 5451 1018 5522 genitos
1036 5452 1145 5507 utinam
1163 5455 1276 5508 tantum
1294 5454 1353 5508 fera
1370 5453 1469 5508 dextra
1486 5451 1582 5506 feriret
1668 5451 1702 5505 47
1721 5450 1788 5504 blot.
1809 5451 1885 5506 Theb.

229 5561 253 5622 6,
267 5561 321 5608 460
339 5553 489 5610 Thessalus
512 5555 593 5611 heros
679 5555 714 5610 48
738 5555 813 5626 Vcrp.
828 5555 896 5609 Aca.
912 5561 936 5624 6,
951 5561 1002 5609 842
1023 5555 1077 5611 duo
1100 5553 1219 5634 fulmina
1246 5556 1314 5614 belli
1333 5557 1430 5628 (Drac.
1442 5553 1517 5609 Vm
1531 5560 1580 5608 366
1599 5551 1704 5622 Gorima
1718 5554 1775 5608 Iolr.
1788 5562 1811 5622 6,
1824 5557 1884 5614 665)

262 5658 297 5714 66
314 5658 381 5714 oras
400 5658 474 5715 Ilrcb.
488 5669 529 5730 16,
541 5667 590 5718 837
606 5661 663 5716 iam
681 5663 794 5718 sordent
812 5662 923 5715 terrena
942 5660 1000 5716 viro
