4554 6396
907 349 1083 408 Rouvnus
1101 352 1128 407 II

517 542 552 598 65
587 525 711 591 Alcidis
735 547 845 593 comes
868 533 920 593 est
942 529 1043 594 comis
1065 529 1247 616 puerilibus
1271 529 1373 612 annis,

586 651 683 717 quem
706 631 806 697 rubor
828 637 864 696 ut
886 653 999 698 roseus
1023 633 1069 699 sic
1093 633 1216 698 candor
1241 634 1366 701 lacteus
1389 639 1498 709 ornat;

587 734 636 799 illi
658 755 841 821 purpureus
865 736 959 801 niveo
984 741 1077 801 natat
1099 737 1184 823 ignis
1205 737 1239 801 in
1262 759 1327 804 ore.

588 839 651 905 hoc
672 835 774 926 puero
797 839 868 905 viso
891 839 1116 928 Nympharum
1139 841 1236 907 turha
1259 843 1416 919 calescat3

587 942 669 1010 haec
692 943 758 1009 illis
782 944 825 1009 sit
847 965 954 1030 poena
976 964 1110 1027 nocens,
1132 952 1170 1009 ut
1191 951 1268 1012 uota
1290 945 1461 1013 trahantur

517 1064 552 1121 ιο
587 1048 732 1135 ipsarum
754 1049 787 1113 in
809 1049 953 1133 longum,
977 1047 1081 1122 donec
1104 1050 1263 1136 pubescat
1285 1051 1435 1116 amatus?

673 1153 736 1218 iret
758 1152 865 1218 adhuc
888 1153 922 1217 in
945 1153 1047 1219 verba
1069 1152 1170 1234 dolor,
1194 1155 1226 1219 ni
1249 1155 1399 1241 pinniger
1421 1155 1531 1221 audax

586 1257 754 1324 dimittens
778 1263 916 1322 matrem
939 1257 1103 1322 fricuisset
1126 1263 1197 1324 eote
1221 1259 1371 1345 sagittas.

589 1383 667 1427 arcu
690 1363 815 1428 cinctus
839 1367 918 1443 crat,
943 1361 1062 1427 dantur
1083 1367 1159 1450 post
1181 1367 1274 1450 terga
1297 1363 1481 1451 pharetrae,

589 1467 709 1554 accipit
732 1473 766 1532 et
788 1468 935 1532 flammas
958 1466 1125 1532 hominnm
1150 1466 1326 1555 divumque
1349 1468 1509 1555 voluptas.

517 1588 552 1643 75
589 1571 697 1636 evolat
719 1577 877 1636 armatus:
901 1572 959 1636 vix
981 1571 1108 1636 caelum
1131 1572 1273 1659 liquerat
1294 1574 1375 1656 ales,

588 1677 719 1762 iamque
743 1681 835 1741 tenet
857 1681 982 1752 terras;
1007 1676 1055 1741 sic
1078 1677 1178 1742 currit
1199 1678 1318 1742 mentis
1343 1699 1491 1744 acumen.

587 1787 625 1845 ut
647 1781 736 1846 venit
758 1779 800 1845 ad
824 1780 960 1862 fontem,
983 1781 1126 1867 lapidem
1149 1782 1287 1868 proiecit
1309 1783 1342 1846 in
1364 1781 1481 1850 undas.

588 1885 757 1950 concussit
779 1885 884 1950 vitreo
908 1885 1034 1950 sonitus
1058 1883 1117 1950 sub
1140 1885 1231 1952 fonte
1254 1887 1395 1972 puellas:

585 1989 723 2054 exiliunt
746 1994 894 2071 cunetae,
917 1995 1079 2076 quaerunt
1101 2010 1185 2075 quae
1209 2011 1310 2056 cansa
1332 1991 1461 2078 quietas

516 2109 551 2166 80
586 2093 752 2159 sollicitet.
797 2093 931 2158 volucer
953 2093 1082 2179 lugiens
1104 2115 1220 2160 nemus
1243 2095 1343 2161 intrat
1366 2116 1514 2182 opacum,

584 2217 729 2283 moxque
753 2195 804 2262 dei
827 2197 936 2262 vultus
959 2198 1092 2262 vestivit
1114 2199 1222 2284 imago
1244 2197 1373 2276 Naidis3

586 2301 693 2366 tendit
716 2301 863 2366 membra
885 2321 976 2388 puer,
1000 2301 1116 2389 longos
1138 2309 1176 2367 ut
1198 2309 1326 2368 crescat
1347 2303 1380 2369 in
1403 2307 1505 2385 artus,

586 2411 623 2470 ut
645 2406 751 2494 possit
774 2406 937 2493 complere
960 2405 1054 2472 dolos
1078 2427 1117 2471 ac
1140 2407 1229 2472 iussa
1250 2409 1415 2493 parentis;

587 2559 707 2577 ......
730 2509 833 2597 pedes
856 2511 987 2576 fluitans
1010 2511 1112 2576 vestis
1135 2511 1266 2577 laxatur
1288 2511 1329 2577 ad
1351 2513 1442 2594 imos,

515 2631 550 2687 85
588 2613 728 2680 candida
751 2613 862 2680 diffusi
883 2613 1001 2679 ludunt
1022 2634 1082 2702 per
1104 2615 1189 2680 colla
1212 2617 1321 2702 capilli

588 2725 622 2784 et
643 2725 741 2784 vento
764 2719 927 2806 crispante
951 2719 1055 2804 gradu
1077 2739 1171 2785 coma
1194 2720 1329 2786 fluctuat
1350 2727 1433 2805 acta,

587 2823 677 2889 frons
700 2822 824 2888 nudata
848 2822 944 2888 decet
966 2821 1072 2888 diviso
1095 2823 1221 2910 fulgida
1244 2825 1349 2902 crina;

586 2934 620 2993 et
644 2927 735 2993 velut
757 2928 875 2994 invitos
897 2948 1031 3014 gressus
1053 2927 1246 3014 pudibunda
1268 2929 1423 2995 movebat

587 3031 744 3098 incedens
768 3032 922 3119 fluxoque
945 3033 1049 3098 latent
1072 3032 1133 3098 sub
1157 3033 1301 3118 tegmine
1323 3035 1455 3120 pinnae.

517 3155 552 3210 90
587 3137 810 3222 misceturque
833 3157 915 3223 puer
936 3136 1099 3223 Nymphis
1122 3137 1182 3202 sub
1205 3138 1312 3202 fronte
1335 3139 1466 3224 puellae

586 3245 619 3307 et
642 3261 758 3306 causas
781 3241 942 3327 perquirit
966 3241 1076 3325 Amor,
1100 3261 1157 3307 cur
1179 3241 1269 3307 fonte
1293 3243 1407 3307 relicto

585 3351 690 3410 terras
714 3352 812 3410 cauta
834 3345 934 3431 petit;
957 3344 1061 3410 facilis
1085 3347 1137 3411 cui
1159 3347 1255 3413 turba
1277 3346 1392 3412 fluenti

585 3471 655 3516 rem
678 3448 803 3536 pandit,
826 3450 971 3536 periurat
993 3448 1106 3532 Amor,
1130 3451 1223 3536 quasi
1245 3451 1376 3516 nescius
1399 3456 1497 3516 esset.

673 3553 800 3619 interea
822 3559 897 3640 post
919 3553 1008 3618 bella
1031 3554 1100 3619 suis
1123 3552 1311 3640 Tirynthius
1335 3553 1403 3619 ibat

516 3675 550 3730 95
585 3659 690 3724 vietor
712 3679 824 3739 ovans,
849 3658 901 3724 cni
924 3658 1054 3723 iunctus
1076 3657 1182 3743 Hylas
1209 3657 1449 3743 pulcherrimus
1471 3657 1585 3725 haeret

586 3768 722 3849 gestans
745 3763 893 3828 fulminei
916 3763 1037 3849 pallam
1060 3783 1132 3826 cum
1156 3761 1309 3828 dentibus
1332 3764 1422 3850 apri;

586 3875 620 3933 et
642 3869 720 3933 licet
741 3867 903 3933 invalidus
927 3866 1009 3932 haec
1032 3865 1177 3952 pondera
1200 3865 1286 3932 ferre
1309 3866 1447 3950 laborat,

586 3973 656 4058 ipse
680 3978 790 4038 tamen
812 3971 944 4058 gaudet,
968 3972 1060 4057 quasi
1081 3972 1147 4035 iam
1171 3991 1342 4037 commune
1364 3971 1565 4058 triumphum

588 4083 699 4163 gestet
722 4083 755 4141 et
777 4075 913 4142 Alcides
935 4097 1001 4140 non
1025 4076 1115 4140 solus
1137 4075 1259 4142 fuderit
1281 4097 1406 4163 aprum.

501 4198 551 4255 100
587 4180 720 4246 horrent
742 4179 892 4245 Alcidenr
916 4179 1089 4267 Nymphae
1112 4180 1270 4245 mirantur
1295 4179 1481 4266 Hylanque.

587 4308 630 4352 ex
653 4285 772 4372 quibus
794 4306 861 4350 una
882 4291 993 4350 tamen
1017 4289 1151 4349 cunetas
1174 4283 1284 4350 adlata
1307 4304 1437 4350 sorores

292 4480 326 4535 65
343 4497 429 4534 comes
446 4487 486 4532 est
503 4495 589 4532 comes
606 4478 641 4540 N,
659 4495 726 4529 corr.
746 4477 848 4544 Wapler
926 4473 959 4528 '14
977 4478 1092 4545 Accipiet
1110 4476 1144 4542 N,
1163 4495 1230 4530 corr.
1243 4475 1333 4542 nana,
1350 4479 1448 4546 Arripit
1465 4485 1491 4531 at
1508 4479 1629 4532 aaaron
1704 4478 1737 4532 81
1756 4481 1842 4547 imago

188 4568 308 4636 Napaeae
326 4567 455 4632 Bdlsreru,
475 4565 588 4632 Dryadis
606 4565 711 4616 vestivit
729 4566 814 4631 imago
831 4563 933 4630 Peipar,
951 4559 1041 4615 Nhidis
1057 4565 1162 4616 vestivit
1179 4565 1265 4630 imago
1284 4563 1353 4615 Ellis
1425 4563 1594 4618 94111166
1611 4567 1796 4618 nullataenus
1808 4567 1842 4630 N,

187 4653 290 4705 Glauca
315 4651 408 4716 Data,
426 4653 514 4719 Vsque
539 4650 665 4718 Rosaderp
682 4649 729 4718 (cs.
750 4649 830 4701 Orest.
844 4649 901 4715 787)
988 4648 1022 4700 89
1046 4651 1188 4702 Incendens
1206 4649 1241 4710 N,
1263 4668 1331 4703 corr.
1348 4649 1429 4701 Data
1515 4649 1550 4702 92
1567 4654 1662 4705 Terrae
1679 4660 1736 4705 tuta
1754 4661 1844 4722 petant

187 4738 316 4807 Roastery
333 4742 380 4808 (ef.
398 4739 470 4806 Very.
483 4739 549 4791 Aea.
562 4743 585 4803 6,
597 4737 657 4804 368)
731 4735 765 4790 93
783 4737 886 4789 nescius
904 4743 974 4788 extet
991 4736 1117 4804 Rosrterg
1191 4735 1225 4789 96
1243 4739 1346 4804 Gegsns
1364 4754 1431 4788 corr.
1450 4737 1478 4788 in
1495 4737 1607 4790 (testans
1624 4737 1656 4788 N
1729 4737 1841 4792 ascom-

187 4841 265 4878 mnns
282 4832 417 4894 tropaeum
433 4826 561 4878 Bushahr

292 4996 326 5050 65
341 4995 386 5050 On.
399 5001 459 5050 mat.
471 5002 495 5060 2,
509 5001 546 5050 66
559 4998 595 5062 (6,
608 4996 673 5063 499)
685 4992 842 5064 puerilibus
854 4991 934 5048 annis
1003 4993 1037 5047 67
1055 4991 1567 5066 Stat.Aols.·1,161niveonatatiguis
1585 4994 1614 5050 in
1626 5012 1673 5050 ors
1684 5013 1841 5066 purpureus

221 5099 253 5152 'll
278 5097 374 5152 Claud
390 5107 428 5165 16,
448 5105 496 5154 201
517 5097 572 5154 iret
593 5097 685 5153 adhuc
707 5096 736 5151 in
755 5095 840 5152 verba
859 5096 945 5162 dolor,
967 5095 997 5150 ni
1013 5095 1192 5167 iuppiter...
1212 5095 1350 5166 coepisset
1454 5097 1488 5152 72
1505 5097 1536 5160 οἵ
1550 5096 1618 5152 Hor.
1635 5115 1714 5153 cam.
1727 5107 1751 5168 2,
1766 5107 1791 5168 6,
1810 5111 1841 5156 11

223 5203 258 5258 74
276 5203 380 5258 Luserat.
393 5212 442 5270 1,1
460 5204 495 5271 (6,
507 5205 553 5264 94)
570 5202 713 5258 hominum
731 5201 881 5272 dirumque
900 5201 1032 5272 voluptas
1103 5203 1137 5257 76
1156 5201 1250 5256 Claud.
1263 5208 1302 5269 35,
1313 5209 1361 5258 201
1379 5205 1571 5270 quantum...
1590 5201 1692 5259 mentis
1709 5202 1842 5262 discurrit

187 5321 305 5362 acumen
323 5305 444 5376 (Ooripp.
457 5306 513 5362 loa.
527 5313 550 5376 6,
564 5309 623 5378 269)
698 5309 732 5364 79
748 5307 825 5376 Varq.
838 5307 909 5362 Aea.
923 5316 948 5374 4,
959 5313 1008 5362 379
1024 5323 1058 5361 aa
1076 5323 1143 5360 cura
1160 5305 1271 5375 quietos
1288 5305 1433 5362 sollicitat.
1472 5305 1648 5375 elocasse
1665 5325 1738 5377 qnae
1756 5326 1842 5365 cansa

187 5409 299 5479 quietos
317 5411 435 5468 excierit
504 5412 538 5467 84
557 5412 633 5481 Varp.
645 5412 713 5466 Aen.
727 5421 749 5478 1,
762 5420 813 5468 494
825 5411 911 5483 pedes
923 5411 1009 5466 vestis
1022 5409 1139 5466 defluxit
1151 5411 1188 5466 ad
1206 5409 1275 5466 imos
1293 5411 1338 5477 (cf.
1351 5409 1437 5464 Prud
1446 5409 1536 5480 psyrls
1550 5411 1609 5480 636)
1678 5413 1713 5467 89
1731 5411 1839 5469 Lucana

193 5521 276 5580 7,199
293 5518 412 5585 tutoque
430 5517 503 5572 latet
520 5517 573 5572 sub
590 5516 716 5588 tegmine
734 5519 834 5588 pectus
922 5517 957 5572 92
980 5519 1065 5572 caum
1086 5515 1141 5571 scil.
1158 5515 1242 5570 turba
1330 5515 1364 5572 98
1381 5514 1556 5586 triumphum
1573 5521 1661 5571 mesta
1677 5533 1700 5572 o.
1712 5516 1771 5572 ind.
1784 5533 1804 5572 a.
1816 5533 1839 5572 a.

228 5620 275 5680 101
299 5617 345 5674 Ou.
358 5625 415 5678 md.
432 5629 469 5694 11,
487 5627 504 5675 6
521 5638 536 5675 e
554 5620 657 5698 quibus
675 5639 737 5682 una.
772 5626 829 5680 md.
846 5630 870 5692 5,
885 5627 936 5678 266
958 5622 1056 5679 doctas
1073 5619 1114 5676 sic
1132 5624 1175 5676 est
1193 5619 1280 5676 affata
1298 5635 1402 5677 sorores
