4554 6396
800 393 954 452 uvuunu
989 392 1247 452 HEXAEMERON

538 585 577 626 ⁴³⁰
608 591 766 658 quaerere
789 591 851 637 nee
874 569 972 636 sudor
993 570 1119 636 fructus
1142 591 1344 657 quocumque
1367 570 1480 637 labere

607 677 735 762 cogitur
757 680 815 742 aut
837 695 969 762 campos
993 676 1101 762 aliquo
1124 675 1165 742 de
1187 677 1276 743 loute
1298 678 1423 764 rigare;

607 780 783 846 imbriferis
807 801 938 867 semper
960 781 1079 867 pluviis
1103 781 1293 848 absentibus
1315 783 1398 848 uber

609 904 746 971 caespes
771 889 804 950 et
826 883 962 948 arbitrio
987 884 1105 949 crescit
1127 885 1234 951 fetura
1254 886 1381 951 marito.

607 994 782 1076 praeterea
804 987 883 1053 solis
905 987 1001 1052 datus
1024 993 1076 1054 cst
1098 987 1190 1054 loeus
1214 989 1269 1054 ille
1293 989 1434 1056 duobus:

607 1093 733 1160 deliciis
757 1092 925 1157 hominum
948 1097 1075 1157 tantum
1099 1099 1304 1158 constructus
1328 1093 1439 1181 opacis

607 1219 673 1264 nun
696 1197 845 1285 placidas
869 1202 1032 1262 sustentat
1055 1219 1144 1281 avae,
1167 1218 1234 1262 non
1257 1219 1312 1264 ore
1336 1203 1504 1274 cruentas;

607 1303 770 1389 unguibus
793 1307 934 1367 armatas
957 1302 1063 1368 nescit
1085 1302 1231 1388 perferre
1255 1303 1415 1383 volucres,

609 1430 705 1476 omne
728 1427 833 1494 genus
856 1405 1020 1494 pecudum
1043 1407 1160 1488 nescit,
1183 1428 1288 1493 genus
1311 1429 1407 1473 omne
1429 1408 1581 1474 ferarum.

609 1515 698 1582 solus
721 1513 768 1578 ibi
790 1513 930 1599 inrepsit
952 1532 1127 1598 squamoso
1152 1531 1286 1598 corpora
1310 1533 1444 1600 serpens

608 1617 776 1686 fraudibus
799 1617 932 1682 inbutus
955 1615 1078 1698 mortis,
1102 1621 1202 1702 caput
1224 1637 1320 1682 omne
1341 1619 1511 1702 malcrum,

607 1732 740 1816 pectore
762 1725 896 1812 vipereo
920 1722 1080 1789 mellitum
1104 1742 1148 1787 ex
1171 1743 1227 1787 ora
1250 1745 1414 1791 venenum

607 1834 744 1902 funereo
769 1832 831 1900 sub
854 1831 954 1896 dente
976 1853 1096 1918 paraus
1120 1835 1292 1917 spumante
1314 1830 1434 1918 palato.

609 1961 688 2026 ergo
711 1939 768 2006 ubi
790 1939 873 2005 livor
896 1939 983 2006 edax
1006 1944 1179 2004 contusum
1202 1937 1300 2004 dente
1323 1956 1487 2003 venenum

607 2044 749 2110 invidiae
773 2043 935 2108 mordacis
958 2042 1085 2108 habens
1109 2041 1168 2107 sub
1192 2041 1297 2107 fronte
1320 2040 1470 2106 modesta

608 2149 737 2234 quaerit
760 2169 856 2234 opem
879 2148 1025 2228 sceleris,
1048 2167 1107 2232 per
1130 2167 1226 2232 quam
1250 2145 1384 2211 fallatur
1404 2144 1562 2209 honestas

607 2251 865 2338 simplicitasque
892 2250 987 2316 cadat
1009 2250 1062 2315 vel
1086 2249 1219 2315 credula
1242 2248 1341 2315 corda
1363 2253 1490 2314 reatum

608 2357 777 2422 incurrant
799 2376 864 2420 nou
888 2354 1003 2421 fraude
1028 2375 1097 2436 aue,
1122 2354 1182 2420 sed
1205 2353 1298 2419 clade
1321 2353 1474 2440 perenni:

607 2461 706 2527 fortia
729 2460 828 2526 corda
851 2461 912 2525 viri
936 2479 1000 2524 non
1024 2456 1246 2547 expugnanda
1267 2478 1326 2545 par
1348 2477 1489 2543 anguem

607 2565 793 2652 praesensit
814 2565 947 2651 pietatis
970 2564 1073 2651 inops,
1097 2562 1155 2629 sed
1179 2563 1327 2649 coniugis
1351 2582 1446 2629 aures

609 2668 799 2756 adgreditur
821 2670 882 2736 sub
905 2690 986 2735 voce
1008 2670 1073 2756 pia,
1097 2689 1246 2734 sermone
1268 2667 1412 2753 maligno

609 2773 785 2840 insidiosus
809 2772 877 2838 adit
899 2773 964 2839 heu
986 2773 1098 2838 mollia
1121 2772 1219 2838 eorda
1241 2771 1387 2859 puellae:

609 2879 728 2965 ingerit
750 2899 805 2944 ore
829 2877 921 2943 cibos
945 2877 1070 2944 crudeli
1093 2877 1207 2944 funere
1231 2877 1355 2963 plenos.

607 2983 660 3048 his
684 2982 787 3048 semel
810 2981 991 3068 adsumptis
1015 2987 1206 3048 reserantur
1227 2980 1351 3046 lumina
1373 2977 1480 3044 cordis

608 3108 647 3152 ac
668 3087 833 3173 permixta
855 3086 952 3152 bonis
975 3085 1080 3171 patuit
1104 3085 1254 3151 doctrina
1276 3085 1446 3150 malorum.

607 3190 767 3278 paenituit
789 3190 936 3254 nescisse
960 3189 1062 3276 dapes
1085 3195 1119 3256 et
1141 3188 1261 3255 damna
1283 3191 1439 3276 putantur

609 3295 766 3382 temporis
789 3299 909 3360 exacta
931 3296 1043 3381 spatia.
1090 3293 1267 3382 procedere
1290 3295 1383 3380 peius

609 3421 722 3466 aueum
745 3397 866 3486 quippe
890 3399 1000 3465 nefas:
1024 3405 1163 3485 temptat
1186 3398 1323 3464 seducta
1345 3398 1496 3463 meritum

609 3509 643 3570 at
666 3504 755 3591 capit
777 3505 940 3569 insontem
962 3504 1025 3569 iam
1050 3505 1148 3569 noxia
1170 3503 1291 3568 lamina
1313 3503 1444 3568 victum.

609 3609 832 3673 circumventa
853 3609 948 3694 perit,
973 3607 1029 3672 sed
1053 3608 1301 3693 circumscripta
1324 3606 1450 3671 lciellit.

608 3733 669 3778 nec
692 3711 938 3798 circumscripta
960 3731 1096 3798 serpens
1119 3711 1240 3797 inpune
1264 3709 1454 3795 triumphat.

609 3835 685 3879 nam
708 3819 882 3901 postquam
906 3813 1033 3879 iuvenis
1057 3813 1180 3878 violata
1203 3818 1312 3878 manta
1337 3811 1480 3878 comedit

609 3919 760 3983 funereos
785 3917 854 3982 sine
877 3917 953 4002 lege
977 3917 1068 3982 cibos
1091 3918 1125 3981 in
1148 3921 1251 3982 morte
1276 3916 1413 3998 lutums,

609 4043 686 4087 mox
709 4023 794 4109 sapit
816 4021 942 4101 infelix,
967 4021 1043 4108 quid
1067 4043 1213 4108 pravum,
1237 4020 1314 4107 quid
1337 4020 1380 4084 sit
1403 4019 1588 4086 honestum:

610 4127 740 4212 cognita
763 4125 955 4211 simplicitas
979 4131 1013 4190 et
1035 4147 1112 4191 mcx
1135 4131 1187 4192 est
1210 4124 1308 4190 corde
1331 4123 1455 4212 iugata.

298 4383 516 4440 3341mbriueris
535 4387 576 4438 Μ1
651 4388 725 4439 inber
742 4385 761 4452 (i
779 4386 868 4454 masa)
887 4388 912 4438 L
994 4385 1046 4440 337
1064 4388 1218 4440 constructis
1239 4387 1286 4450 LQ
1372 4385 1424 4440 338
1442 4389 1606 4440 substentant
1625 4388 1653 4450 (b
1671 4385 1765 4452 deleta)
1784 4387 1814 4439 F

195 4473 247 4527 339
268 4482 367 4527 armata
390 4475 439 4538 LQ
518 4473 653 4544 p(ro)ierre
675 4475 702 4526 P
802 4473 854 4528 340
877 4475 952 4526 labet
975 4476 998 4527 G
1091 4492 1166 4527 omns
1190 4492 1274 4542 genua
1297 4478 1410 4527 ferarum
1435 4474 1538 4540 (litteris
1563 4483 1676 4526 correcto
1700 4473 1804 4537 ordine)
1822 4473 1854 4524 M

231 4559 280 4612 341
301 4577 417 4613 acsmoao
435 4561 554 4613 umbram
572 4579 589 4612 a
607 4579 688 4613 mauu
700 4561 791 4627 prima
809 4562 988 4628 superscripsit
1000 4561 1039 4612 F'
1125 4560 1177 4613 343
1195 4563 1323 4614 mollitum
1341 4561 1416 4625 LQZ
1431 4562 1488 4613 edd.
1502 4578 1579 4628 pars.
1665 4557 1717 4611 344
1734 4561 1853 4614 Fundere

195 4649 244 4700 sub
263 4649 338 4700 dante
355 4664 451 4716 parans
469 4650 553 4716 ipsum
570 4656 631 4701 ante
649 4649 737 4716 palato
755 4649 790 4699 M
852 4651 963 4701 Munera
980 4650 1029 4701 sub
1047 4649 1165 4701 denteZ
1232 4647 1284 4701 346
1303 4651 1373 4701 sonte
1387 4649 1418 4699 M
1486 4645 1536 4700 347
1559 4647 1649 4700 sceleri
1667 4647 1741 4710 LQZ
1808 4664 1854 4714 per

195 4752 244 4786 cm.
257 4735 297 4785 Μ1
370 4752 446 4802 quarn
459 4735 508 4799 ΕΩ
593 4733 645 4788 348
662 4743 763 4789 reatum
782 4735 869 4800 MLQ,
892 4743 966 4788 reatu
985 4735 1042 4801 FP,
1065 4743 1152 4789 reatus
1171 4735 1197 4786 Ζ
1210 4736 1268 4788 edd.
1346 4733 1396 4789 351
1416 4733 1469 4802 sed]
1488 4737 1511 4786 ἃ
1532 4735 1554 4798 Q
1635 4731 1687 4787 353
1711 4735 1853 4786 lusidiosue

195 4822 281 4874 suadit
298 4821 348 4884 Lc
425 4820 477 4875 355
494 4829 624 4874 reseratur
642 4823 672 4874 M
759 4819 811 4875 358
828 4825 912 4874 exacti
930 4821 995 4890 (Li)
1013 4823 1071 4875 edd.
1142 4824 1230 4890 spacio
1249 4823 1275 4873 Z
1288 4823 1347 4875 add.
1427 4820 1479 4875 360
1496 4823 1618 4890 capth
1697 4818 1750 4873 362
1767 4823 1805 4872 Ne
1823 4821 1858 4871 M

229 4907 376 4961 ece-420
397 4909 490 4962 demut
512 4909 541 4961 irs
565 4909 642 4972 LQZ
654 4910 713 4962 edd.
732 4909 837 4961 Morsls'i
862 4909 956 4961 Wsitsis'
1047 4909 1099 4962 363
1118 4917 1229 4963 ruentem
1246 4908 1282 4976 (m
1299 4910 1391 4961 ultima
1408 4907 1494 4975 erasa)
1512 4909 1541 4960 F
1623 4905 1675 4960 365
1692 4913 1756 4976 aput
1773 4905 1852 4972 (corr.

198 5013 217 5046 n
238 4995 368 5063 espith
434 4996 491 5066 quit
508 5013 618 5066 prauum
636 4997 671 5048 M
736 4991 819 5067 parbd
832 4995 870 5048 Μ’

299 5781 461 5832 &maronae
478 5781 669 5841 Armcurssurr
682 5782 743 5832 xlv
757 5781 780 5834 l.
