4932 6506
1062 469 1240 526 ROMVLEA
1259 471 1283 526 X

742 649 778 710 ut
801 645 917 732 pinnae
940 644 1085 712 desiccet
1108 646 1214 733 aquis:
1239 645 1339 712 micat
1362 646 1446 734 ignis
1469 651 1506 712 ut
1528 653 1618 714 estre

658 765 708 826 100
743 750 913 838 plausibus
937 770 1097 816 excussus
1121 751 1224 838 pueri,
1248 771 1309 838 per
1331 757 1449 818 cuncta
1471 751 1600 818 videres

742 853 919 921 scintillare
943 853 1041 938 diem,
1065 854 1201 920 volitant
1223 875 1321 942 super
1344 875 1484 942 aequore
1506 856 1667 924 flammae.

743 961 801 1042 sio,
827 959 883 1026 uhi
905 959 1065 1046 puniceos
1088 959 1224 1026 rutilans
1248 960 1375 1026 Aurora
1397 961 1534 1047 capillos

742 1064 888 1152 pectinat
910 1069 987 1130 ante
1010 1063 1106 1144 diem,
1131 1085 1214 1150 quae
1238 1085 1315 1130 mox
1338 1063 1511 1151 perfundat
1532 1064 1649 1150 Eoum,

743 1167 905 1252 Phoenix,
929 1169 1000 1234 sola
1023 1190 1138 1256 genus,
1163 1169 1255 1235 senio
1278 1169 1402 1235 lassata
1424 1175 1564 1248 vetusto,

659 1289 708 1348 105
744 1273 896 1338 cinnama
918 1273 970 1340 cui
993 1273 1108 1340 folium
1131 1273 1270 1340 nardum
1295 1279 1347 1340 tus
1371 1273 1520 1340 balsama
1542 1296 1706 1340 amomum

742 1377 920 1444 informent
943 1383 1018 1464 poet
1041 1378 1153 1444 saecla
1175 1399 1290 1465 pyram
1313 1376 1468 1460 reditura,
1491 1379 1698 1466 sepulchrum

744 1481 934 1548 conscendit
957 1482 1083 1548 lectura
1105 1502 1203 1568 rogor
1228 1487 1262 1548 et
1284 1481 1434 1548 verberat
1456 1483 1526 1548 ales

743 1591 780 1652 ut
802 1586 951 1652 flammas
975 1585 1138 1652 adsciscat
1160 1586 1230 1652 uris
1254 1585 1316 1672 (sic
1340 1587 1484 1652 uescitur
1506 1587 1592 1673 ignis

745 1695 822 1757 ante
845 1691 957 1756 alitem
979 1690 1162 1758 ambrosios
1184 1691 1248 1756 iem
1273 1697 1524 1778 consumpturus
1548 1691 1693 1774 odoree):

659 1810 710 1868 110
745 1795 792 1859 sie
815 1815 898 1882 puer
919 1793 1043 1862 Idalius
1067 1795 1246 1882 spargebat
1267 1795 1437 1884 plausibus
1460 1797 1567 1882 ignes:

744 1899 844 1985 piscis
868 1919 947 1966 ores
971 1905 1120 1966 armenta
1142 1921 1244 1987 pecus
1267 1900 1338 1966 lere
1360 1905 1473 1986 pastor
1495 1900 1651 1966 anhelent

746 2003 951 2090 flammigero
975 2009 1129 2090 surgente
1153 2003 1224 2070 deo.
1270 2003 1357 2069 volet
1379 2003 1455 2071 iude
1477 2025 1536 2091 per
1558 2005 1671 2070 altum.

748 2107 814 2174 iam
836 2109 969 2174 volucer
991 2129 1056 2174 non
1078 2107 1162 2174 udus
1185 2114 1269 2174 eret:
1293 2129 1498 2196 quocumque
1522 2111 1718 2196 propinquat

747 2219 804 2278 aut
825 2211 1022 2299 ubicumque
1045 2212 1118 2294 luit,
1141 2212 1262 2280 blando
1286 2213 1415 2278 fervore
1438 2219 1582 2300 vaporat,

661 2332 712 2389 115
747 2337 845 2404 quem
870 2317 1019 2404 sequitur
1041 2317 1182 2384 vernalis
1206 2317 1300 2394 odcr;
1324 2317 1377 2383 ria
1399 2317 1535 2404 pulchra
1558 2338 1703 2383 rosarum

748 2420 893 2488 tenditur
915 2427 950 2488 et
972 2421 1077 2488 riolas
1099 2421 1263 2510 pallentes
1286 2420 1424 2487 candida
1446 2421 1545 2508 peplo

748 2526 820 2592 lilia
841 2525 1024 2612 distingunt
1044 2547 1083 2592 ac
1105 2527 1206 2592 florea
1228 2526 1346 2592 semita
1368 2527 1501 2592 crescit:

748 2631 941 2718 persulcans
962 2652 1023 2717 per
1045 2631 1141 2696 inane
1165 2631 1256 2720 polos
1279 2631 1379 2696 micet
1402 2630 1507 2696 orbita
1529 2630 1654 2696 florum.

748 2734 866 2822 cypris
890 2733 1071 2802 odoriferos
1094 2736 1197 2802 sensit
1219 2735 1360 2822 fraglare
1384 2735 1531 2800 volatus:

643 2853 712 2912 '120
749 2837 858 2905 ‘natus
881 2839 989 2906 adest'
1010 2841 1132 2927 inquit;
1154 2839 1277 2906 ‘multis
1300 2839 1366 2904 iam
1388 2839 1552 2926 spargitur
1574 2859 1632 2904 aer

744 2943 888 3025 floribus,
912 2944 1077 3011 ambrosio
1101 2949 1205 3010 totum
1228 2944 1370 3031 respirat
1393 2941 1514 3010 odore’.

747 3046 824 3114 dum
847 3048 990 3134 loquitur
1012 3048 1135 3116 lascire
1157 3047 1283 3130 Venus,
1306 3049 1396 3114 veuit
1419 3068 1497 3114 ecce
1522 3045 1648 3134 Cupido

745 3152 888 3220 fessulus
911 3158 945 3220 et
967 3153 1093 3239 gremio
1115 3153 1227 3218 matris
1251 3152 1389 3218 libratur
1412 3151 1582 3233 anhelans,

746 3278 809 3344 quo
833 3277 983 3324 sessurus
1006 3263 1087 3325 eret.
1133 3277 1230 3343 quem
1253 3257 1402 3345 protinus
1425 3256 1483 3322 illa
1504 3256 1667 3322 volantem

662 3378 713 3434 125
748 3367 888 3449 occupet
911 3367 944 3429 et
967 3362 1074 3428 crines
1098 3363 1264 3450 componit
1285 3368 1390 3428 mater
1415 3360 1527 3428 Amori

747 3487 785 3532 ec
807 3487 946 3554 puerum
969 3467 1140 3554 complexa
1163 3467 1251 3532 louet
1274 3465 1356 3532 dans
1379 3467 1491 3532 oscula
1513 3471 1601 3532 neto.

748 3569 796 3636 sie
818 3569 967 3637 blandita
989 3571 1096 3638 iubet:
1120 3571 1258 3658 ‘Pyraia
1282 3591 1374 3636 mens
1397 3571 1495 3658 ignee
1518 3568 1629 3634 mundi

747 3680 846 3762 atque
870 3696 971 3762 vapor
993 3675 1134 3742 fecunde
1157 3676 1233 3763 poli,
1257 3674 1423 3741 successio
1444 3695 1563 3754 rerum,

749 3779 889 3846 effeetus
912 3786 1030 3846 natura
1053 3801 1158 3865 genus
1182 3779 1256 3845 lone
1279 3783 1394 3844 auctor
1417 3779 1517 3864 origo,

664 3898 714 3957 130
751 3888 786 3948 tu
809 3883 897 3950 ritus
920 3883 1062 3952 secunde
1086 3883 1185 3967 salua,
1208 3891 1244 3950 tu
1266 3882 1387 3949 blanda
1409 3882 1569 3968 voluptas,

748 3994 784 4054 tu
807 3988 960 4076 princeps
983 3987 1127 4076 pietatis,
1150 3987 1263 4068 Amor,
1287 3993 1319 4052 te
1342 3985 1506 4074 praeduce
1530 3983 1649 4050 mundo

749 4093 918 4159 alternent
941 4093 1107 4160 elemento
1129 4092 1218 4159 vices
1242 4097 1276 4158 et
1298 4112 1363 4156 non
1385 4088 1591 4176 perherbio,

748 4217 822 4262 cum
838 4203 977 4286 pereant
992 4217 1217 4284 quaecumque
1232 4195 1359 4282 (creat),
1375 4215 1436 4260 nec
1448 4192 1547 4259 sentit
1559 4191 1746 4278 ademptum

749 4322 904 4368 successu
926 4301 1085 4368 redeunte
1108 4322 1203 4367 noro.
1248 4300 1338 4366 venit
1361 4319 1439 4366 eece
1462 4318 1614 4381 noverca,

667 4421 717 4478 135
751 4405 786 4470 in
808 4406 958 4472 menibus
980 4407 1044 4472 iam
1068 4405 1150 4471 Iuno
1172 4405 1254 4470 meis
1277 4405 1480 4491 supplexque
1503 4407 1655 4487 precatur

749 4531 834 4598 quae
859 4510 990 4576 fuerant
1013 4509 1158 4597 optanda
1181 4509 1255 4574 tibi:
1279 4507 1399 4575 Medea
1423 4507 1587 4587 sacerdos,

750 4615 913 4701 sacrilega
936 4635 1019 4701 quae
1043 4635 1122 4680 voce
1146 4614 1231 4680 solet
1254 4613 1453 4700 compellere
1477 4611 1615 4694 caelum,

457 4848 492 4904 90
516 4851 544 4902 in
567 4847 619 4914 (cel
637 4847 683 4913 ad)
704 4857 774 4904 estre
798 4851 921 4903 Bdlrreae
1020 4847 1072 4902 100
1093 4849 1209 4902 excussis
1231 4867 1250 4901 ιι
1350 4845 1399 4900 103
1421 4848 1558 4916 perfundet
1583 4845 1664 4897 Dulm
1763 4841 1813 4894 105
1836 4843 1954 4894 Crnuima
1970 4841 2006 4905 N,

358 4972 409 5007 οιιι.
422 4957 506 5024 opalia
525 4955 612 5008 relicto
629 4973 649 5006 ιι
736 4953 786 5008 108
804 4956 930 5008 ιιᾶιιιῐιιιιι
948 4956 975 5020 (d
992 4952 1194 5022 cupro-addita)
1212 4951 1242 5004 N
1327 4949 1377 5002 100
1395 4951 1489 5003 ΔΙίιιιιι
1507 4957 1534 5002 et
1550 4949 1677 5014 Roeeberp
1764 4945 1814 4998 113
1833 4919 1961 5012 uolucres}
1973 4946 2006 5012 N,

355 5045 474 5097 uolucrer
491 5061 510 5096 ιι
592 5041 642 5095 115
659 5043 767 5110 pulchra
786 5044 807 5108 (l
825 5060 856 5095 ιιι
873 5043 896 5108 ι)
914 5061 932 5093 ιι
1014 5041 1063 5093 110
1082 5041 1193 5108 traglure
1212 5037 1236 5103 (r
1247 5039 1326 5104 prior
1344 5055 1375 5090 eu
1392 5037 1413 5102 l)
1431 5055 1450 5088 ιι
1526 5035 1574 5087 127
1594 5018 1676 5087 l‘iicis
1694 5043 1716 5086 et
1734 5039 1757 5088 lt
1774 5042 1833 5085 arcte
1850 5033 2008 5085 versanrNu

390 5129 440 5184 132
457 5131 535 5184 duces
554 5130 582 5196 (d
595 5129 679 5182 deleta
696 5138 720 5182 ct
738 5131 840 5196 irupro
852 5127 882 5194 u)
895 5129 929 5192 N,
948 5129 1019 5180 uices
1037 5147 1055 5179 ιι
1126 5125 1176 5178 133
1193 5132 1264 5178 creat
1275 5125 1338 5176 add.
1350 5123 1486 5188 Br'tckeler,
1505 5141 1553 5174 our.
1567 5121 1612 5173 Nu
1629 5121 1705 5172 trulla
1723 5120 1820 5171 locucio
1891 5119 1940 5173 135
1952 5138 2006 5188 pre·

356 5225 427 5271 eatur
445 5217 575 5284 Briareus,
592 5224 699 5270 uocatur
717 5217 752 5283 N,
771 5223 879 5268 uocatur
896 5233 922 5282 ιι,
940 5215 1052 5268 locutum
1070 5211 1205 5278 Br'tclreler,
1224 5211 1304 5263 abieci
1322 5211 1438 5278 profatur

461 5441 510 5500 102
531 5439 576 5497 Or.
588 5445 647 5497 met.
659 5447 683 5510 5,
697 5447 749 5496 440
771 5439 833 5496 udis
851 5439 966 5496 veniens
983 5437 1091 5494 Aurora
1117 5433 1229 5507 capillis
1322 5434 1372 5490 104
1390 5433 1426 5500 os.
1444 5447 1477 5487 ee
1490 5447 1532 5502 pr.
1547 5431 1591 5487 Ou.
1605 5449 1656 5486 um.
1669 5439 1693 5500 2,
1708 5439 1732 5500 0,
1747 5439 1781 5485 54
1799 5429 1882 5486 unica
1899 5449 2008 5501 semper

360 5547 418 5603 evis
490 5546 561 5604 scat.
573 5547 629 5602 silc.
643 5553 667 5609 2,
679 5555 704 5614 4,
722 5551 757 5601 30
780 5543 857 5600 senio
880 5561 931 5600 nec
949 5543 1036 5599 lessus
1056 5541 1199 5599 inerti...
1222 5537 1348 5595 Phoenix
1444 5538 1494 5595 105
1518 5537 1554 5604 cf.
1572 5537 1635 5591 Vra.
1655 5534 1732 5591 Fert.
1752 5535 1838 5590 Mart.
1856 5543 1881 5602 4,
1893 5541 1940 5589 514
1958 5533 2008 5588 flos

358 5649 423 5706 odor
440 5667 505 5708 esca
523 5669 607 5723 sapor
624 5667 701 5706 mera
719 5649 848 5705 cinnama
866 5649 993 5704 balsama
1010 5649 1075 5702 tura
1146 5647 1195 5701 115
1216 5643 1312 5700 Claud.
1324 5649 1362 5709 35,
1376 5651 1410 5698 90
1427 5659 1538 5712 quaque
1557 5641 1635 5695 volat
1652 5641 1745 5708 Amor,
1766 5657 1865 5695 vernus
1882 5637 2009 5708 sequitur

359 5753 438 5814 rubor
454 5771 506 5830 coe.
578 5755 628 5812 126
648 5755 800 5822 (lamehe,
814 5761 860 5809 211
879 5751 957 5810 dedit
975 5751 1070 5808 oscula
1089 5753 1155 5806 ueto
1174 5747 1285 5818 (riutilio
1294 5747 1409 5818 poesim)
1502 5747 1549 5802 131
1569 5745 1604 5813 σι’.
1620 5743 1821 5800 Boetclecoue.
1834 5751 1858 5811 4,
1873 5750 2007 5812 016ιο0.
