4568 6396
395 383 515 442 XXXVI
1120 385 1338 454 PRAEFATIO,

396 562 514 629 utrem
547 564 626 642 (331
654 560 714 626 Est
741 581 854 626 aarum
877 559 1039 645 pulcrum,
1074 561 1137 623 544
1159 559 1237 644 Hic,
1272 561 1335 624 951
1359 561 1437 644 Qui,
1471 561 1536 626 952
1558 563 1635 643 erit)
1668 566 1726 626 out
1756 563 1913 629 inusitata
1946 566 2063 630 locaret

396 667 476 752 (280
500 667 651 742 miseris).
697 667 770 730 item
790 667 925 745 apparet
946 662 1147 746 arclctppum
1169 665 1310 730 alienum
1328 664 1434 750 fuisse
1455 685 1477 730 a
1498 666 1596 747 stirpe
1617 665 1684 732 BA
1712 667 1755 731 iis
1776 667 1851 732 locis
1872 667 1928 734 ubi
1955 689 2062 735 oerum

396 770 541 837 eakibcnt
559 768 715 851 ttorilcpia
737 769 817 852 (191
840 767 911 851 erit,
932 768 998 832 281
1021 769 1135 843 sorte).
1177 769 1309 850 marius
1331 773 1436 834 tamen
1458 768 1508 834 bis
1531 769 1606 834 locis
1627 773 1674 834 est
1693 770 1795 835 aliud.
1833 773 1890 854 aui
1911 773 2064 854 ecccrpsit

397 875 456 941 bas
476 873 658 952 sententias,
681 875 803 938 secutus
824 874 870 936 est
891 891 960 936 cum
982 891 1060 935 cura
1082 871 1223 937 ordinem
1251 891 1397 938 versuum
1426 872 1550 955 amiam
1576 873 1611 936 in
1643 891 1699 938 suo
1727 872 1827 940 codice
1857 878 1932 940 ante
1959 875 2063 941 ocrelos

396 979 541 1058 babebat,
568 995 634 1040 uon
661 979 697 1039 ut
723 975 784 1041 alii
808 973 943 1057 florilepi
972 975 1078 1055 capita
1105 975 1274 1056 composuit
1302 974 1454 1040 similium
1482 975 1531 1040 uel
1560 975 1598 1040 dc
1626 976 1731 1041 eadem
1759 998 1795 1042 rc
1822 981 2061 1046 contentionem.

397 1083 487 1164 utqui
509 1103 538 1149 u.
552 1080 619 1145 452
640 1079 762 1145 colibet
782 1078 867 1142 inter
888 1098 917 1143 0.
933 1077 997 1142 539
1021 1081 1050 1143 et
1073 1077 1136 1141 544
1158 1097 1257 1160 neque
1279 1079 1349 1144 ulla
1370 1079 1454 1145 ratio
1475 1079 1583 1157 clucet,
1606 1098 1663 1144 our
1684 1099 1741 1145 suo
1762 1085 1863 1146 marte
1889 1082 1945 1148 loc
1970 1103 2063 1150 verme

396 1187 580 1269 interposito
605 1182 799 1267 separandos
823 1183 982 1264 putaverit
1005 1200 1114 1248 corsus
1137 1182 1200 1246 539
1221 1187 1250 1248 et
1277 1185 1340 1247 544
1362 1184 1476 1266 quippe
1502 1184 1559 1265 poi
1580 1187 1680 1267 cpont
1705 1183 1743 1249 de
1770 1188 1870 1250 nratrc
1894 1171 1931 1251 'et
1957 1190 2063 1268 patre.

396 1313 468 1376 erpo
488 1291 525 1355 in
547 1289 625 1355 bono
645 1291 675 1353 et
695 1287 826 1368 antiquo
839 1285 939 1352 codice
960 1285 1011 1350 lic
1032 1290 1101 1351 erat
1122 1286 1206 1351 ordo.
1243 1286 1357 1369 quibus
1377 1287 1470 1352 rebus
1485 1287 1653 1368 perpensis
1674 1287 1753 1352 mibi
1774 1289 1867 1369 quasi
1884 1286 1951 1373 faa
1970 1309 2064 1372 quoe-

397 1395 472 1462 dam
506 1393 701 1460 conlustrare
732 1389 896 1455 ridebatur
928 1389 1132 1472 disfimttatcs
1167 1390 1203 1455 iu
1231 1391 1345 1472 quibus
1373 1395 1469 1458 aurea
1496 1390 1670 1460 baercbmrn
1725 1393 1822 1455 totum
1857 1393 1941 1456 cuim
1969 1397 2066 1474 caput

397 1523 426 1567 o.
442 1497 625 1576 427-452,
653 1493 736 1577 quod
762 1499 807 1558 cst
838 1512 905 1558 una
930 1497 1024 1574 atque
1051 1494 1202 1558 continua
1228 1494 1412 1560 declamatio
1439 1493 1477 1559 de
1503 1493 1680 1577 prandibus
1702 1493 1839 1576 quidun,
1868 1513 1934 1560 non
1960 1498 2065 1562 tamen

400 1603 535 1670 scelestis
556 1599 750 1677 medieribus,
773 1617 872 1678 neque
894 1597 930 1660 in
954 1597 1047 1662 initio
1067 1602 1138 1677 post
1160 1618 1188 1664 o.
1204 1599 1270 1664 426
1291 1617 1390 1679 neque
1412 1599 1448 1662 in
1467 1599 1533 1680 fine
1554 1601 1628 1662 anie
1650 1617 1678 1662 u.
1693 1597 1759 1661 453
1780 1597 1826 1662 sic
1847 1617 1917 1664 oum
1938 1599 2066 1664 viciniis

399 1705 599 1788 conspirabat
620 1707 657 1768 ut
676 1722 728 1768 res
751 1701 903 1784 postulat.
955 1701 1153 1766 declamandi
1182 1706 1287 1767 005000
1318 1702 1471 1768 coloribus
1498 1706 1564 1766 iarn
1590 1702 1706 1767 oioidis
1734 1701 1913 1769 decoratum
1941 1703 2066 1770 uidetur

398 1815 435 1876 ut
455 1811 512 1876 oia
534 1811 634 1875 locum
654 1807 767 1872 babere
785 1806 925 1890 potuerit
946 1805 1013 1870 nisi
1034 1805 1071 1868 in
1093 1805 1234 1871 oratione
1256 1805 1377 1872 directa
1398 1827 1494 1889 quam
1515 1805 1624 1871 dicunt
1642 1806 1842 1888 prammatici
1856 1827 1877 1871 0
1885 1811 1982 1888 pocta
1995 1827 2065 1873 cum

398 1920 467 1982 artc
486 1913 619 1980 edolata.
656 1911 763 1992 itaque
784 1912 907 1974 samius
929 1927 997 1974 sum
1020 1909 1105 1973 ciam
1127 1930 1222 1991 quam
1244 1910 1440 1974 monstrabat
1458 1909 1646 1992 florilepium
1667 1913 1761 1992 atque
1782 1927 1890 1974 uersus
1911 1910 2067 1976 stt-52

392 2017 562 2102 proprium
584 2015 696 2097 opinor
718 2014 754 2077 iu
777 2013 876 2078 lomim
892 2016 967 2094 post
987 2033 1017 2078 c.
1034 2011 1132 2096 540¹)
1154 2013 1262 2078 rettuli
1283 2018 1320 2078 ut
1335 2035 1418 2096 pars
1439 2014 1506 2079 sint
1528 2013 1764 2080 declamationis
1789 2013 1880 2078 illius
1905 2034 1970 2096 qua
1999 2014 2067 2096 ipse

399 2122 593 2206 Apumcmno
607 2139 672 2201 per
693 2137 835 2184 somnum
854 2117 958 2200 pilium
980 2118 1025 2183 ad
1046 2119 1160 2184 matris
1181 2139 1284 2186 necem
1306 2121 1469 2202 compellit.

503 2263 646 2346 superesi
660 2277 835 2342 proponere
856 2264 988 2326 stemma
1009 2259 1188 2346 affinitatis
1208 2262 1245 2325 in
1267 2261 1426 2327 codicibus
1444 2260 1651 2342 pmspiacac:

1130 2394 1329 2466 Dracontius

507 3747 590 3815 9999
611 3745 743 3828 W
765 3737 1026 3822 mmmm
1048 3756 1121 3802 ⁰¹⁴m
1141 3735 1185 3799 4¹⁹8
1205 3754 1287 3816 W
1309 3734 1347 3800 dt
1369 3739 1432 3802 5050
1455 3736 1681 3808 Romulcorum
1708 3763 1835 3826 corpore
1861 3741 2067 3827 exposuimus

404 3861 451 3938 (p.
470 3855 533 3938 VI)
555 3853 605 3917 550
622 3849 694 3935 fere
715 3843 890 3930 inopinari
911 3841 983 3907 licet
1004 3843 1078 3921 sata
1100 3837 1289 3904 libellorum:

1096 3959 1196 4027 Drao.
1213 3958 1370 4025 Romulea

1110 4324 1244 4390 coemptor
1260 4323 1445 4391 V'uipotbicum

977 4408 1581 4721 fi&

817 4746 951 4812 exemplar
962 4746 1081 4802 insulare
1116 4751 1249 4816 coemptor
1261 4745 1395 4800 incuteret
1463 4744 1598 4810 eaemplcr
1613 4744 1740 4796 Italicum

905 4820 986 4872 (Ῑ-Χ)
1183 4822 1287 4881 (aratu)
1477 4821 1546 4872 (5005.
1559 4820 1722 4862 ammonet

1194 4937 1195 4940 Ἴ
1209 4899 1217 4914 s
1472 4877 1493 4916 c
1506 4873 1610 4913 mnam
1621 4869 1720 4924 punire)

1134 4891 1280 5090 rm
1648 4959 1833 5115 κγ

851 5098 1053 5153 codBobieneie
1109 5045 1178 5174 >B
1247 5101 1415 5153 codEuoclri

939 5165 1282 5374 l‘l

929 5393 962 5446 a
1034 5289 1149 5461 mim.
1265 5392 1290 5444 Δ
1601 5389 1678 5442 corso

508 5617 534 5688 1)
551 5617 992 5690 amnmmemiuamuu
1008 5617 1057 5686 pc
1075 5613 1571 5687 uoeupmsoaauancmfec
1588 5611 1814 5682 aucupatum
1830 5611 2068 5679 mammon

403 5720 492 5760 ocrem
503 5711 536 5760 26
548 5720 725 5774 praepropere
741 5704 908 5774 descripsisse
925 5708 991 5759 ante
1009 5707 1140 5772 quattuor
1156 5702 1219 5757 eltae
1235 5703 1268 5756 iu
1284 5701 1382 5771 quibus
1399 5701 1552 5772 lcpdantm
1569 5705 1709 5757 tot-oto.
